3416 4576
818 177 954 251 DE
992 174 1464 251 EPISTOLA
1504 177 1643 274 AD
1686 177 2179 265 HEBRAEos,
2225 190 2397 263 acc.w
2723 210 2881 298 195>

381 318 586 392 tinum
609 320 674 389 δε
700 314 1096 393 Romanum,
1118 309 1288 410 quod
1310 331 1442 381 erat
1458 307 1714 380 exosum
1730 311 2050 394 Hebraei5‚
2071 314 2146 384 ad
2167 341 2321 414 quos
2341 315 2661 395 scribebat.
2814 310 2913 421 s

466 415 584 487 Sed
606 413 705 485 hae
729 411 1111 505 conjecturae
1133 435 1265 480 non
1288 409 1573 480 videntur
1590 405 1935 481 satisfacere
1951 411 2302 502 objeffioni
2320 417 2519 486 allatae
2541 445 2556 485 ε
2586 411 2850 517 ideoque

369 513 477 587 res
511 512 842 586 ondemus.
906 534 965 584 1.
992 511 1155 581 Non
1177 506 1466 607 sequitur.
1518 511 1683 580 Non
1707 509 1796 578 est
1816 508 2220 580 existimanda
2234 511 2406 583 Pauli
2426 512 2726 610 epistola,
2767 540 2844 590 ex

363 541 786 707 insfriptionis
805 604 1230 679 defectumam
1248 604 1477 676 eodem
1527 607 1729 678 modo
1747 604 1950 706 pollet
1970 602 2178 678 inferri
2201 606 2324 681 effe
2341 611 2568 681 nullius
2588 636 2665 682 ex
2685 638 2719 682 a
2724 638 2843 711 po-

361 706 560 789 stolis,
630 732 775 777 uum
797 704 1019 777 nullius
1037 727 1273 775 nomen
1295 699 1598 800 praeferat.
1833 726 1839 732 ’
2844 711 2849 715 ’

461 831 522 882 2.
651 804 894 876 mnibus
927 800 1207 902 epistolis
1247 798 1426 872 sacris
1464 825 1597 870 non
1689 799 1816 871 raefi
1864 801 1984 873 itur
1999 828 2235 875 nomen
2254 824 2354 876 aut
2378 802 2680 902 praefatiO.
2733 809 2850 899 Jo-'

355 904 588 976 hannes
613 926 733 975 tres
752 900 981 999 scripsit
991 899 1314 999 epistolas,
1341 899 1607 995 primam
1654 897 1787 996 erip
1812 919 1860 967 it
1880 899 2008 971 fine
2028 902 2160 972 ullo
2175 902 2439 974 exordio
2461 909 2525 975 &
2549 906 2839 988 nomine,

361 1002 428 1072 in
449 1001 674 1073 duabus
698 998 1144 1098 posterioribus
1160 997 1351 1070 etiam
1374 996 1617 1067 reticuit
1637 995 2010 1075 nomen‚sed
2033 1023 2219 1072 vocat
2243 997 2303 1070 se
2320 1005 2706 1097 maced-ufar
2742 1005 2846 1100 se..
2910 1080 2913 1089 Ι

357 1104 601 1174 niorem.
652 1098 810 1172 Inde
828 1122 1023 1170 nemo
1039 1100 1171 1193 jur'e
1191 1093 1492 1168 dubitavit
1514 1091 1591 1164 de
1611 1093 1736 1165 illis
1754 1089 2056 1191 epistolis,
2097 1123 2175 1168 an
2195 1096 2516 1189 Johannes
2536 1124 2746 1199 earum
2768 1100 2841 1173 fit

358 1197 591 1268 aufior.
1429 1202 1430 1205 ’
1605 1249 1611 1255 -
2154 1250 2158 1255 ·

454 1317 511 1387 3.
538 1296 757 1365 Paulus
776 1290 998 1363 nullibi
1016 1290 1082 1361 in
1100 1287 1377 1388 epistolis
1389 1288 1501 1360 fibi
1528 1314 1641 1388 per
1723 1310 1890 1360 tuam
1959 1290 2183 1363 raefixit
2206 1293 2607 1394 legem,quali
2626 1296 2843 1367 omni-

353 1391 462 1463 bus
492 1391 612 1461 illis
633 1413 873 1461 nomen
893 1388 1066 1461 suum
1089 1386 1439 1488 praefigeret
1458 1434 1479 1468 ,
1525 1388 1616 1458 uti
1727 1388 1791 1486 ‚it-
1811 1388 1874 1457 in
1918 1391 2211 1486 ignaculo
2234 1417 2271 1463 2
2298 1390 2519 1467 Tbeff.
2529 1418 2588 1485 3,
2604 1418 2755 1487 17‚1
2770 1400 2831 1465 8.

347 1516 471 1590 quo
497 1487 779 1587 promisit
803 1490 1085 1561 claudere
1096 1485 1387 1583 epistolas
1404 1483 1557 1557 suas:
1588 1490 1891 1557 salutatio
1912 1532 1933 1565 ‚
1976 1511 2109 1557 mea
2133 1513 2315 1559 manu
2338 1496 2529 1569 Pauli,
2582 1496 2736 1585 quod
2754 1493 2839 1587 'est

337 1592 567 1687 signum
586 1592 649 1658 in
668 1592 824 1657 omni
840 1586 1101 1683 epistola.-
1125 1588 1216 1654 ita
1226 1586 1443 1682 scribo.
1493 1590 1714 1655 Gratia
1736 1588 1956 1656 domini
1976 1584 2151 1681 nostri
2190 1588 2349 1688 Jesu
2376 1588 2685 1686 Christifit
2702 1613 2836 1660 cum

356 1688 618 1757 omnibus
638 1689 812 1759 vobis.

450 1807 526 1876 4.
578 1782 770 1853 Forte
791 1780 997 1853 omifit
1020 1806 1282 1869 nomem
1350 1780 1447 1851 uia
1488 1782 1615 1872 jam
1637 1776 1941 1850 scribebat
1964 1778 2040 1850 ad
2059 1805 2253 1880 genus
2270 1779 2605 1856 hominum
2628 1784 2839 1857 diverss

339 1878 679 1971 ufissimum.
702 1881 1038 1980 Scripserat
1059 1900 1238 1952 antea
1258 1808 1346 1949 a?
1361 1877 1631 1957 Gentes,
1659 1879 1873 1969 &jam
1892 1874 2217 1976 scripturus
2236 1879 2313 1950 ad
2336 1881 2673 1966 Hebraeos,
2700 1907 2831 1954 non

344 1979 573 2049 mirum
585 1979 752 2077 quod
776 2002 1105 2078 parumper
1128 1978 1163 2048 a
1203 1974 1508 2048 consueto
1530 1998 1711 2047 more
1732 1976 1976 2046 recedat
1998 2007 2017 2062 ;
2065 1976 2378 2076 pra-cipue
2420 2004 2563 2052 cum
2586 2004 2830 2053 nomen

341 2078 517 2147 Pauli
562 2071 740 2148 fuerit
780 2076 1057 2148 maxime}
1076 2072 1339 2147 exosum
1357 2072 1664 2146 Hebraeis.
1803 2097 1944 2144 uare
1963 2098 2203 2145 nomen
2226 2076 2398 2148 Pauli
2421 2100 2550 2149 erat
2571 2078 2829 2151 exosum

341 2172 671 2243 Hebraeis?
715 2180 880 2273 Resp.
903 2178 1085 2246 Tum
1106 2174 1244 2273 quia
1268 2172 1478 2243 multis
1498 2193 1627 2243 erat
1649 2189 1816 2241 trans
1883 2196 1985 2271 ga,
2025 2196 2058 2240 a
2148 2170 2298 2243 stata
2324 2181 2391 2246 δε
2414 2173 2647 2263 hostis3
2692 2197 2831 2249 tum

345 2271 564 2351 etiam,
581 2270 773 2369 quod,
800 2271 1031 2343 reliffls
1059 2270 1282 2362 Judaeis
1298 2319 1320 2355 ‚
1342 2265 1405 2341 se
1423 2290 1631 2342 totum
1654 2267 2002 2342 ministerio
2121 2269 2358 2341 entium
2385 2274 2784 2372 mancipasset
2803 2330 2826 2361 ,

345 2392 682 2468 oerumque
705 2368 1051 2441 ministrum
1071 2366 1132 2440 se
1152 2365 1448 2469 professus
1468 2367 1636 2442 esset.
1694 2371 1858 2439 Haec
1878 2369 2040 2440 ratio
2065 2393 2200 2440 non
2222 2364 2595 2470 infringitur,
2622 2368 2665 2441 fi
2691 2372 2829 2471 quis

343 2467 512 2538 dicat
533 2492 566 2535 a
617 2463 895 2540 ostolum
945 2468 1205 2540 scribere
1225 2466 1862 2559 judaeo-Christianis
1883 2473 1952 2548 &
1973 2467 2309 2550 conversis,
2335 2493 2481 2548 non,
2494 2470 2648 2542 vero
2666 2494 2830 2541 con-

340 2586 558 2637 verten
604 2566 670 2638 is.
731 2565 848 2638 Sed
871 2592 1003 2639 non
1021 2590 1247 2637 omnes
1288 2585 1464 2637 erant
1499 2565 1689 2665 plene
1727 2566 2034 2642 conversi.
2089 2565 2372 2662 Qidam
2412 2588 2587 2638 erant
2608 2569 2675 2639 in
2698 2566 2822 2641 fide

333 2659 682 2736 Christiana
702 2665 1059 2738 vacillantes
1079 2694 1099 2750 ;
1123 2665 1211 2738 uti
1230 2684 1485 2763 apparet
1502 2689 1581 2736 ex
1601 2686 1733 2760 cap.
1758 2670 1893 2747 6‚&
1933 2691 1959 2735 1
1973 2692 2044 2740 o.
2068 2663 2320 2767 quidam
2337 2666 2529 2736 etiam
2549 2666 2823 2738 infirmi-

328 2786 494 2832 ores.
546 2767 706 2835 Non
734 2784 974 2836 tantum
995 2760 1208 2834 scribit
1229 2760 1547 2836 converfis
1567 2808 1591 2847 ,
1632 2760 1736 2835 sed
1759 2765 1954 2836 etiam
1973 2765 2421 2837 convertendis
2440 2809 2462 2844 ‚
2511 2791 2665 2862 quos
2689 2765 2816 2838 hac
2872 2831 2879 2834 ,

331 2854 602 2959 epistol&
625 2863 810 2934 valuit
831 2862 1234 2940 convincere.

347 2985 356 2990 ·
429 2982 492 3052 5.
536 2961 726 3032 Forte
747 2961 995 3031 reticuit
1016 2985 1282 3049 nomen3
1306 2964 1447 3046 quia
1464 2979 1594 3033 erat
1619 2957 1933 3029 Gentium
1953 2955 2273 3057 apostolus
2294 3005 2317 3039 ‚
2361 2965 2429 3031 &
2448 2984 2582 3030 non
2607 2955 2816 3051 Judae-

330 3081 533 3126 orum.
583 3063 762 3128 Nam
786 3058 938 3127 alios
961 3053 1126 3126 forte
1174 3048 1500 3152 apostolos
1536 3052 1883 3128 offendisset
1902 3103 1923 3137 ,
1968 3076 2074 3128 aut
2100 3055 2513 3128 aemulationis
2537 3057 2811 3159 quodam
2898 3113 2905 3116 -

218 3186 235 3202 ·
327 3149 501 3224 sensu
527 3150 833 3226 affecisset:
858 3179 1008 3225 nam
1027 3153 1497 3253 Petrus,aliique
1519 3152 1832 3240 Hebraeos
1853 3153 2187 3228 docebant.
2245 3159 2358 3226 Ne
2376 3155 2563 3254 igitur
2580 3154 2810 3230 falcem

329 3246 500 3320 suam
521 3251 583 3319 in
613 3253 881 3321 alienam
905 3249 1160 3324 messem
1185 3250 1581 3332 immitteret,
1605 3258 1673 3322 δε
1697 3251 1763 3320 in
1785 3252 2047 3323 aliorum
2071 3276 2293 3322 munus
2312 3251 2620 3325 involaret
2639 3302 2661 3338 ‚
2683 3282 2813 3326 nou

326 3371 477 3421 men
501 3345 673 3418 suum
698 3349 936 3421 videtur
965 3349 1280 3423 reticuisse.
1308 3354 1496 3423 Nam
1517 3347 1840 3447 speciatim
1868 3374 2000 3421 non
2022 3370 2150 3422 erat
2171 3350 2532 3442 Judaeorum
2555 3352 2804 3437 ἀοᾶοτ,

327 3470 445 3519 nec
467 3446 559 3517 illi
578 3445 758 3544 ipsius
781 3446 1119 3547 disciplinae
1142 3447 1431 3547 proxime
1454 3467 1630 3519 erant
1649 3441 1928 3539 subjeffi.

426 3551 549 3621 111.
605 3548 872 3616 Secunda
892 3548 1148 3641 objeffio.
1195 3549 1441 3620 Λυᾶοτ
1460 3570 1668 3645 (ειμι,
1698 3542 1851 3622 vers.
1860 3571 1891 3639 3
1927 3543 1989 3618 se
2025 3570 2155 3619 non
2180 3548 2478 3645 apostolis
2499 3596 2521 3631 ‚
2562 3545 2665 3620 sed
2689 3571 2805 3618 eo-

329 3666 464 3714 rum
485 3643 794 3741 discipulis
817 3642 1226 3747 accenset,qui
1250 3644 1574 3719 Christum
1593 3639 1790 3743 ipsum
1817 3647 2179 3746 loquentem
2201 3647 2588 3728 audiverant,
2610 3647 2644 3714 a
2664 3643 2806 3743 qui-
2858 3675 2865 3680 “

253 3801 264 3804 ,
330 3740 442 3811 bus
466 3741 527 3812 se
547 3741 848 3813 edostum
869 3750 935 3814 &
954 3744 1396 3817 confirmatum
1420 3744 1747 3844 profitetur
1771 3767 1789 3834 ς
1831 3747 1973 3840 Qae
1995 3747 2257 3818 doarina
2274 3803 2294 3832 ‚
2339 3772 2523 3844 quum
2539 3738 2803 3840 primicm

335 3846 611 3915 enarrari
631 3845 866 3938 coeperit
874 3862 985 3937 per
1002 3845 1190 3941 ipsum
1209 3849 1510 3921 dominum
1531 3902 1552 3933 ,
1598 3846 1674 3918 ab
1693 3842 1762 4009 ig
1780 3848 1882 3934 qm·
1899 3845 2218 3924 audierant
2237 3902 2258 3933 ,
2285 3850 2348 3919 in
2368 3868 2467 3918 nos
2487 3840 2814 3940 confirma-⁴

488 3971 500 3982 ·
1780 3963 1815 4009 c
1871 3965 1905 4013 2
2739 3956 2809 4011 Μ
