3416 4576
626 268 774 354 De'
812 259 1085 375 lingue
1121 254 1473 345 Hebraeae
1508 250 1829 369 Origine
1865 253 1951 346 &
1979 252 2485 369 antiquitate.
2594 287 2740 346 201

415 414 487 510 ᾗ..
537 417 906 487 Plurimum
954 416 1149 485 etiam
1186 412 1267 486 ad
1544 413 1761 483 ionem
1789 411 2026 511 linguae
2055 411 2353 484 Hebraeae
2390 410 2534 485 facit
2570 414 2737 506 ejus-

319 510 475 588 dem
492 514 932 587 constantiain
952 514 1252 585 omnibus
1269 514 1312 583 li
1358 513 1438 583 ris
1466 513 1715 583 Veteris
1729 510 2147 583 Testamenti.
2251 513 2526 584 Miratus
2542 515 2737 612 saepis·

314 615 483 686 fime
512 614 614 687 fui
651 610 843 708 quod
879 630 1050 683 tanta
1067 609 1144 684 fit
1174 615 1405 708 linguae
1425 608 1761 680 Hebraicae
1793 611 2227 687 convenientia
2245 610 2310 681 in
2332 613 2638 684 omnibus
2666 616 2739 685 114

196 738 205 743 ·
320 712 467 785 bris
482 718 737 786 Veteris
752 716 845 785 Τ.
863 736 1011 784 cum
1032 709 1503 782 sciamuslibros
1517 710 1661 780 illos
1679 705 1991 779 adiverfis
2003 707 2181 781 Viris
2204 759 2225 793 ‚
2278 713 2396 802 qui
2415 710 2568 807 saepe
2583 735 2739 809 pro-

312 816 550 911 prium
566 813 816 913 stylum
832 806 1277 909 &pi-efferunt,
1325 805 2035 903 diverfistemporibu5‚
2089 814 2158 877 δε
2188 805 2447 879 diversis
2477 814 2540 882 in
2578 814 2740 884 locis

317 909 452 985 ess‘e
468 915 877 1010 conscriptos.
975 910 1297 980 Scribatur
1311 907 1471 978 liber
1484 911 1520 978 ὲ
1539 901 1802 978 diverfis
1815 908 1963 976 viris
1977 907 2043 975 in
2061 902 2277 977 eadem
2297 908 2551 980 civitate
2565 908 2744 983 habi·

312 1013 661 1095 tantibus,
697 1009 1048 1082 videbimus
1073 1006 1193 1079 fere
1206 1005 1514 1096 majorem
1533 1001 1949 1077 differentiam
1980 1006 2045 1074 in
2061 1006 2176 1076 illo
2205 1006 2372 1075 libro
2403 1011 2503 1077 vel
2538 1012 2738 1109 respea

321 1112 457 1182 ἃιι
487 1110 668 1209 styli,
716 1112 806 1197 vel
841 1109 1264 1204 copulationis
1294 1108 1619 1177 literarum
1653 1153 1674 1187 ‚
1730 1106 1827 1174 vel
1857 1103 2138 1198 respectu
2174 1108 2432 1176 aliarum
2465 1109 2737 1180 circum·

322 1205 694 1281 stantiarum
714 1258 733 1285 ‚
780 1231 972 1301 quam
990 1209 1055 1277 in
1074 1208 1231 1276 totis
1249 1205 1495 1278 Bibliis.
1597 1208 1849 1276 Verum
1870 1200 1916 1275 fi
1933 1201 2092 1273 liber
2109 1198 2186 1273 fit
2203 1202 2466 1299 scriptus
2483 1255 2504 1287 ‚
2556 1210 2736 1281 verbi

320 1308 505 1377 causa
517 1360 541 1393 ‚
593 1310 627 1377 ἃ
644 1306 1016 1378 Teutonico
1037 1312 1105 1377 δι
1124 1302 1329 1377 Frifio
1347 1353 1372 1388 ‚
1427 1305 1523 1401 vel
1546 1300 1590 1374 fi
1608 1299 1949 1375 intercedat
1982 1302 2146 1370 inter
2177 1304 2522 1398 Scriptores
2552 1303 2736 1379 diffe-

317 1408 521 1476 rentia
538 1407 708 1477 mille
722 1428 1046 1477 annorum
1062 1457 1081 1484 ‚
1100 1448 1103 1451 -
1137 1422 1379 1499 quanta
1391 1405 1460 1475 in
1475 1403 1696 1473 multis
1711 1399 1887 1469 libris
1904 1401 2151 1471 Veteris
2163 1404 2257 1472 T.
2279 1400 2573 1499 respectu
2589 1408 2737 1478 scri..

309 1506 562 1601 ptionis
573 1500 909 1577 intercessit
936 1500 1177 1581 ‚eheu!
1214 1524 1459 1596 quanta
1486 1494 1631 1572 ess‘et
1658 1494 1994 1571 differenta
2024 1498 2280 1595 lin'guae.
2379 1505 2522 1595 Qi
2540 1528 2736 1578 unam

310 1605 694 1701 scripturam
726 1604 1024 1697 intelligit
1055 1654 1076 1681 ‚
1133 1603 1244 1672 vix
1276 1602 1529 1672 ‘alteram
1560 1599 1927 1694 intelligeret
1959 1625 1977 1668 z
2032 1598 2171 1667 imo
2204 1600 2320 1669 erit
2349 1618 2517 1669 tanta
2551 1596 2738 1683 diffess

307 1706 565 1783 tentia,
615 1720 692 1772 ut
706 1703 819 1773 vix
850 1703 1023 1772 ullus
1049 1723 1147 1770 eas
1170 1700 1447 1795 linguas,
1505 1697 1598 1768 ob
1625 1693 2048 1768 differentiam
2082 1699 2617 1793 temporis&loci
2651 1703 2735 1781 ita'

310 1795 765 1896 discrepantes,
818 1800 1050 1895 regulis
1065 1799 1506 1875 Grammatieae
1536 1802 1605 1868 &
1634 1800 1983 1896 Syntaxeos
2011 1793 2557 1893 comprehendere
2587 1803 2736 1898 post

312 1894 428 1970 fit.
528 1902 776 1970 Verum
792 1898 857 1969 in
880 1899 1099 1971 veteri
1116 1897 1288 1971 Test.
1307 1916 1477 1970 tanta
1491 1894 1582 1967 est
1597 1894 1945 1969 constantia
1962 1945 1982 1974 ,
2038 1913 2207 1966 tanta
2226 1899 2660 1971 convenientia·
2670 1903 2736 1972 in

304 1998 727 2095 copulatione
757 2000 1074 2073 literarum
1110 2006 1177 2070 δι
1229 1997 1715 2071 construffione
1745 2017 1986 2068 vocum
2021 2045 2042 2079 ‚
2093 2014 2167 2067 ut
2180 1992 2307 2093 fere
2341 1999 2489 2090 quis
2517 2019 2736 2095 putare

302 2093 513 2194 poss‘et
526 2118 753 2171 omnes
778 2100 924 2170 illos
954 2099 1157 2170 libros
1187 2093 1417 2170 eodem
1433 2117 1729 2195 tempore
1753 2143 1775 2178 ,
1825 2090 2045 2167 iisdem
2079 2095 2144 2167 in
2164 2095 2366 2179 locis,
2407 2098 2442 2167 ὲ
2476 2095 2734 2172 diversis

310 2212 521 2288 men
537 2197 912 2269 auecoflbus
935 2196 1053 2270 ess'e
1067 2196 1480 2296 conscriptos.
1615 2204 1621 2211 ’
2717 2204 2724 2213 “

431 2316 490 2385 5.
542 2296 1071 2387 omittimusjam
1091 2299 1292 2369 multa
1307 2300 1452 2382 alia,
1503 2316 1654 2392 quae
1687 2293 1873 2367 etiam
1908 2288 1985 2364 ad
2018 2290 2458 2391 perfeffionem
2497 2296 2737 2390 linguae

325 2383 1058 2493 Hebraicaeplufimum
1088 2393 1459 2469 conducunt
1492 2426 1512 2481 3
1571 2418 1717 2465 nem
1830 2389 2021 2487 quod
2053 2389 2191 2461 haec
2221 2392 2439 2487 lingua
2475 2388 2552 2461 fit
2587 2414 2734 2461 om-

329 2495 526 2563 nium
555 2492 919 2587 linguarum
968 2492 1385 2587 antiquissima
1417 2544 1437 2577 ,
1485 2492 1673 2588 quod
1734 2491 1877 2565 1tab
1904 2491 2041 2589 ipso
2071 2495 2225 2564 Deo
2243 2507 2438 2561 creata
2471 2541 2490 2568 ‚
2544 2487 2737 2584 quod

327 2592 523 2663 Deus
556 2589 844 2688 saepehfic
869 2594 1088 2690 lingufi
1119 2590 1460 2765 Pmetas
1490 2595 1637 2666 suos
1681 2594 2057 2687 alloquutus
2103 2587 2302 2662 fixerit
2333 2639 2356 2674 ‚
2407 2589 2732 2661 &oracula

319 2687 429 2762 fisa
459 2690 713 2787 populo
742 2686 867 2761 hic
891 2693 1110 2790 linguai
1136 2690 1184 2764 d
1336 2695 1398 2765 't.
2183 2731 2210 2740 ··
2691 2699 2696 2706 ’
2729 2699 2734 2706 ’

411 2791 1022 2890 Simplicitaslinguae
1039 2793 1339 2864 Hebraeae
1355 2786 1643 2864 consistit
1659 2794 1889 2891 magna
1920 2815 2001 2863 ex
2026 2809 2201 2890 parte
2227 2791 2292 2863 in
2326 2789 2730 2890 paucitateli-

308 2905 581 2962 terarum
599 2938 621 2972 ,
670 2888 911 2982 quibus
941 2888 1209 2964 Radices
1242 2887 1372 2961 five
1404 2914 1598 2984 voces
1612 2894 1962 2991 primitivae
1992 2888 2302 2963 constant.
2400 2889 2728 2983 Pleraeque·

312 2986 584 3062 Radices
597 2987 1245 3062 communitertribus
1262 3009 1512 3064 tantum
1542 2991 1832 3065 constant
1861 2992 2056 3062 literis
2075 3039 2096 3071 ‚
2146 2995 2215 3060 δι
2243 3013 2323 3060 ex
2355 2989 2475 3059 illis
2506 3005 2726 3060 caetera

311 3088 620 3158 Derivata
635 3082 1022 3162 formantur.
1064 3094 1267 3164 Raro
1283 3112 1637 3163 occurrunt
1663 3115 1856 3161 voces
1880 3085 2287 3187 compositae,
2343 3082 2457 3157 nifi
2491 3083 2726 3160 eaedam

312 3179 441 3256 fint
457 3185 713 3254 nomina
742 3190 996 3282 propria
1028 3186 1434 3288 personarum
1480 3194 1580 3262 vel
1627 3192 1929 3262 locorum
1962 3216 1980 3258 ι
2039 3209 2182 3259 nam
2215 3183 2292 3256 ad
2322 3208 2513 3255 voces
2541 3210 2727 3258 com·

310 3279 1047 3381 potiusnon-referimus
1062 3293 1327 3362 nomina
1353 3307 1571 3362 ornata
1607 3286 2108 3385 pronominibus
2141 3282 2414 3383 praefixis
2447 3302 2559 3353 aut
2587 3281 2726 3356 affi-

312 3384 454 3464 xis,
508 3377 836 3452 five'etiam
850 3389 1168 3461 auctaaliis
1200 3390 1392 3461 literis
1422 3387 1779 3459 servilibus.
1827 3393 1991 3458 Non
2014 3383 2447 3455 occurruntin
2465 3378 2725 3454 haclin-

305 3482 438 3577 gual
455 3481 690 3574 aliquae
703 3477 947 3581 dialeffi
972 3538 995 3573 ,
1040 3492 1140 3561 uti
1155 3481 1325 3588 apud
1344 3486 1647 3559 verbosos
1664 3494 1731 3559 &
1745 3483 2070 3557 mendaces
2085 3485 2356 3554 Graecos
2371 3530 2391 3560 ,
2426 3503 2721 3572 quorum

296 3577 686 3753 gggiulissssre
711 3583 992 3658 auctores
1020 3612 1260 3680 novam
1291 3590 1580 3686 linguam
1613 3587 1914 3659 cacozelo
1948 3580 2239 3679 quodam
2275 3577 2575 3652 videntur
2604 3580 2722 3655 fibi

454 3707 522 3752 ca
570 3705 629 3751 e.

299 3878 305 3882 ⁸
401 3785 564 3851 XII.
615 3785 957 3857 Secundum
970 3804 1445 3883 argumentum,
1462 3781 1651 3879 quod
1668 3782 1885 3887 Judaei
1903 3781 1981 3855 ad
1999 3786 2233 3880 linguae
2249 3781 2539 3884 Hebraeae
2556 3776 2722 3850 anti-

301 3879 614 3972 quitatem
642 3881 1206 3956 demonstrandam
1238 3883 1530 3957 adferunt
1558 3938 1579 3974 ,
1634 3886 1874 3982 petitur
1906 3908 1984 3954 ex
2014 3883 2383 3998 Etjmologia
2409 3888 2721 3948 nominum

153 4004 157 4013 ’
280 3971 664 4079 Pmffi'iffm
700 3985 765 4057 in
805 3981 1074 4060 historia
1103 3985 1410 4086 primaeva
1428 3989 1688 4059 'Veteris
1700 3983 2091 4086 Testamenti
2123 3978 2621 4141 occurrentium&-
2761 4021 2795 4062 5
2904 4037 2908 4042 .

311 4107 347 4128 ’·
1621 4089 1687 4155 C
1704 4107 1742 4155 c
2088 4145 2097 4164 ‚
2613 4092 2717 4142 am
