3416 4576
854 191 913 341 ss
985 182 1423 363 sofr?
1489 240 1610 359 D
1695 242 1774 356 J
1842 245 1941 356 c:
2007 236 2650 362 A-TIO.
2821 312 2828 317 -

677 485 1090 592 tissimum
1115 493 1425 588 Daniae
1450 494 1796 627 Regem
1823 557 1852 606 ‚
1920 517 2352 627 tanquam
2392 488 2749 628 Legato
2797 486 3095 593 extra-I

678 630 1128 734 ordinario
1153 623 1557 729 foeliciter
1578 628 1964 864 curant?
2042 627 2282 727 hunc
2310 627 2886 768 philologum
2912 638 3101 733 He-

680 771 1015 875 braeum
1040 776 1328 913 prima
1354 774 1539 873 vice
1558 766 1878 910 'inserip
1917 804 1971 867 1:
1998 781 2093 869 &
2118 804 2323 868 cum
2351 775 2532 903 ejus
2558 769 3100 913 exemplaria

678 910 1194 1053 aliquandiu
1242 905 1571 1009 fuerint
1620 906 2027 1010 distraeta
2056 981 2086 1027 ,
2153 944 2548 1050 eumque
2592 908 2972 1014 secunda
2995 927 3098 1018 &

678 1060 862 1188 jam
912 1057 1166 1152 tertia
1218 1055 1405 1154 vice
1429 1124 1460 1170 ‚
1526 1048 1794 1193 prelo
1838 1046 2257 1184 subjicere
2307 1059 2663 1152 coae'tus
2715 1047 3038 1155 fuerim
3065 1126 3103 1174 ‚

583 1192 592 1208 ’
682 1192 873 1293 hon
926 1184 1279 1334 possum
1330 1226 1521 1293 non
1575 1197 1830 1292 tertia
1883 1188 2049 1290 hac
2098 1197 2287 1294 vice
2336 1190 2720 1294 eundem
2771 1190 2933 1293 sub
2982 1193 3098 1295 11-

679 1328 1177 1434 lustrissimo
1250 1360 1411 1431 tuo
1490 1336 1901 1436 Nomine
1975 1337 2068 1430 in
2147 1328 2611 1475 publicum
2662 1339 3090 1459 emittere.

679 1478 992 1591 Nam,
1058 1502 1375 1615 praeter
1445 1494 1655 1574 uam'
1705 1470 1958 1613 quod
2015 1472 2520 1615 pervetusta
2575 1486 2674 1577 &
2721 1475 3088 1616 pervul-

682 1643 893 1757 gata
928 1612 1360 1731 ,consuetu
1432 1621 1447 1635 '
1612 1608 2242 1718 confirmatum
2289 1609 2401 1715 fit
2443 1690 2474 1739 ‚
2543 1646 2645 1716 ut
2690 1612 2895 1715 libri
2937 1614 3106 1718 sub

682 1765 1240 1897 Magnorum
1287 1742 1415 1867 &f
1438 1752 1916 1865 Illustrium
1968 1760 2398 1858 Virorum
2422 1754 2976 1861 Nominibus
3005 1764 3103 1860 in

754 1892 1147 1998 ublicum
1204 1894 1647 2039 prodeant
1690 1964 1722 2007 ‚
1797 1902 1834 1992 I
1910 1888 2195 2035 ¹iisque
2246 1894 2767 1998 dedicentur
2821 1910 2920 2001 δι
2970 1903 3109 2000 in-

680 1930 1170 2137 fcribantur
1218 2110 1249 2156 ‚
1316 2035 1584 2136 eausae
1660 2072 1817 2136 mu
1857 2067 1964 2134 tae
2039 2050 2137 2137 δι
2219 2069 2401 2178 prae
2469 2069 2775 2143 nantes
2844 2038 3045 2141 sunt
3071 2113 3109 2161 ‚

683 2212 1080 2320 quaeame
1123 2177 1243 2277 ad
1322 2176 1501 2298 hoc
1547 2172 2073 2278 faciendum
2128 2168 2396 2321 impu
2436 2212 2697 2281 erunt
2748 2233 2782 2311 3
2877 2214 3108 2323 quas

685 2353 999 2429 omnes
1072 2314 1139 2417 fi
1213 2353 1619 2419 enarrare
1695 2314 2015 2421 vellem
2071 2391 2102 2437 ‚
2189 2323 2438 2422 citius
2518 2320 2734 2421 mihi
2812 2357 3049 2462 aqua
3076 2394 3114 2442 ‚
3179 2343 3180 2346 ‘

680 2566 691 2575 ,
760 2458 966 2576 urim
1036 2455 1400 2558 materia
1468 2455 1846 2560 deesset:
1916 2494 2224 2563 verum
2250 2533 2279 2573 ‚
2349 2459 2790 2604 plerisque
2840 2462 3105 2561 omis-

688 2495 798 2698 33
846 2671 875 2711 ,
970 2597 1605 2700 tantummodo
1676 2595 2099 2699 beneficia
2168 2598 2289 2697 ab
2381 2600 2755 2700 Excelle·
2833 2600 3104 2702 vesta·

689 2746 979 2838 inme
1027 2811 1057 2857 ,
1124 2738 1545 2880 meosque
1594 2738 1918 2839 collata
1967 2813 1999 2853 ,
2085 2773 2201 2836 ne
2247 2743 2643 2877 ingratus
2697 2734 3103 2861 viderer,

689 2886 783 2980 in
818 2947 823 2953 -
858 2879 1249 2984 medium
1347 2875 1740 3022 profero.
1891 2885 2108 3012 Haeo
2176 2923 2208 2989 ,-
2303 2907 2405 2978 ut
2485 2871 2763 2978 fronti
2832 2876 3100 3009 hujus

678 3026 990 3163 operis
1067 3026 1447 3124 Nomen
1558 3019 1951 3122 Excellae·
2023 3014 2318 3154 Vestae·
2402 3017 3022 3162 praeponerem
3070 3096 3105 3141 ,

693 3200 842 3263 me
884 3154 1363 3274 moverunt
1408 3214 1440 3287 5
1508 3185 1707 3302 qua:
1753 3235 1781 3281 ‚
1850 3189 2086 3302 quot
2129 3230 2163 3272 ,
2233 3171 2718 3301 &quanta
2786 3159 3105 3284 eadem

698 3297 1026 3402 fuerint
1078 3374 1106 3419 ‚
1200 3301 1500 3402 malim
1554 3298 1899 3426 filentio
1963 3300 2429 3444 praedicare
2478 3375 2507 3415 ‚
2577 3301 2851 3442 quaim
2900 3373 2931 3422 ,
2999 3333 3111 3404 ut

697 3440 1160 3584 quondam
1190 3441 1302 3542 de
1333 3441 1747 3582 Augusto
1792 3442 2140 3543 dicebat
2193 3435 2668 3542 Suetonius
2727 3457 2774 3562 ·‚'
2821 3442 3104 3585 pare&

680 3599 795 3685 ’δι
843 3581 1141 3713 jejune
1181 3589 1615 3723 attingere
1682 3623 1710 3683 τ
1803 3581 2150 3707 Qubus
2202 3580 2624 3683 omnibus
2674 3639 2707 3704 ·‚
2757 3582 3129 3710 :etiamst

670 3764 814 3825 ex-
865 3760 1128 3862 aequo
1176 3760 1320 3822 me
1375 3722 1905 3864 respondere
1960 3720 2201 3864 posse
2230 3722 2708 3835 diffidam,
2779 3729 2870 3821 in
2899 3762 3126 3867 *pat-v

666 3898 788 3967 te
824 3897 1132 3967 -tamen
1182 3872 1658 4008 gratiarum
1740 3864 2362 4008 reponendum
2413 3863 2538 3970 est
2585 3939 2623 3984 ,
2675 3901 2908 4000 anon,
2977 3867 3148 3980 iri-‚1

2743 4037 3108 4150 gratum
