3416 4576
1360 233 1506 321 ‘De
1532 229 1877 335 Masora.
2635 297 2746 380 29
2760 298 2812 377 5

373 382 834 464 '‘fin'literarum
855 443 873 470 ,
937 383 1528 489 velperearundum
1550 388 1976 458 mutationem
1998 438 2016 465 ‚
2067 392 2160 460 vel
2194 395 2316 463 alio
2335 400 2548 494 aliquo
2579 414 2799 485 modo

399 494 690 589 explicari
732 484 1046 589 possunt3
1101 489 1189 587 ita
1221 506 1296 556 ut
1327 511 1454 556 non
1507 507 1674 581 opus
1711 481 1788 554 fit
1822 483 2037 584 fugere
2083 485 2162 557 ad
2209 510 2391 562 notas
2433 510 2792 596 marginales

392 612 697 684 tanquam
714 592 1128 669 audientias,
1178 584 1336 656 &ab
1350 581 1490 681 ipsis
1512 582 1913 655 Audlzoribns
1928 586 2247 657 librorum
2281 588 2605 684 prosedas.

493 695 660 761 Sunt
675 682 862 761 etiam
884 690 1087 758 multa
1102 703 1398 754 notarum
1417 682 1858 777 marginalium
1894 683 2182 779 exempla
2202 733 2224 766 ,
2275 689 2337 756 in
2371 688 2611 780 quibus
2643 690 2803 767 nihil

391 785 590 860 situm
609 786 698 859 est
717 807 1123 882 quocunque
1139 778 1346 852 modo
1365 783 1801 877 explicentur:
1859 776 1987 851 sive
2002 783 2171 852 enim
2194 784 2342 874 quis
2370 808 2438 855 ea
2467 809 2575 882 per
2606 792 2755 881 lieri
2776 843 2796 870 ,

388 884 524 957 five
542 911 653 984 per
669 886 868 959 Ketib
885 885 1148 984 explicet
1165 929 1185 964 ,
1238 900 1446 951 tamen
1463 879 1687 960 sensus,
1704 877 1826 973 qui
1844 876 1994 950 inde
2008 878 2281 975 elicitur,
2297 886 2416 954 erit
2436 883 2673 958 bonus:
2695 910 2800 956 ex.

384 1008 497 1080 gr.
543 987 743 1058 Exod.
768 1009 861 1078 32·
891 1003 1232 1079 19.parum
1252 976 1438 1049 rest-rt
1457 997 1662 1049 utram
1695 976 2035 1048 leffionem
2072 979 2221 1072 quis
2250 980 2549 1073 sequatur
2585 1009 2804 1056 :nam

385 1081 639 1177 sensus,
692 1103 971 1175 utroque
987 1077 1193 1151 modo
1208 1080 1584 1174 explicatus,
1633 1071 1723 1148 est
1743 1073 1983 1149 bonus.
2035 1070 2206 1148 Vide
2222 1080 2399 1175 plura
2428 1084 2710 1181 exempla
2727 1084 2797 1156 in

385 1178 586 1255 Thes.
619 1178 1177 1273 Philol.Hotting.
1199 1199 1508 1274 pag-423.
2359 1238 2367 1246 .

476 1286 568 1351 Χ.
617 1278 1196 1376 Sepumbqusritur.
1251 1282 1363 1347 An
1397 1299 1477 1345 ex
1505 1270 1601 1345 his
1632 1271 1804 1343 notis
1837 1272 2283 1367 marginalibus
2314 1301 2453 1349 non
2505 1276 2795 1373 sequitur

376 1381 714 1473 corruptio
748 1380 1001 1448 'sextus
1019 1374 1370 1447 Hebraiciz

473 1479 823 1575 Respondeo.
875 1500 935 1547 1.
986 1476 1204 1546 Nullo
1222 1470 1471 1544 modo:
1532 1493 1679 1540 nam
1695 1469 2121 1543 Textuslacer
2134 1467 2222 1541 est
2253 1473 2529 1572 integer,·
2586 1479 2653 1544 &
2673 1500 2797 1546 vo·

375 1600 475 1646 ces
509 1578 775 1671 margini
807 1571 1130 1670 adscriptae
1166 1597 1300 1645 non
1332 1570 1647 1669 pertinent
1680 1565 1762 1640 ad
1797 1565 2113 1641 essentiam
2165 1571 2421 1643 Textus
2461 1572 2793 1647 Hebraici.

376 1675 705 1769 Pleraeque
731 1674 896 1745 enim
937 1695 1127 1742 voces
1166 1671 1529 1767 marginales
1575 1666 1722 1738 sunt
1772 1665 2234 1741 tantummodo
2283 1694 2491 1767 parvae
2538 1670 2792 1769 exposi-

385 1772 870 1843 tiones&notae
885 1771 1258 1868 explicantes
1272 1770 1627 1868 genuinum
1656 1765 1836 1838 sacrae
1872 1771 2213 1865 Scripturae
2248 1768 2509 1842 sensum.
2609 1776 2786 1864 Nam

313 1892 320 1897 ·
373 1890 684 1941 annotare
715 1872 915 1941 literas
947 1865 1334 1953 abundantes
1363 1876 1430 1939 &
1460 1864 1820 1949 deficientes
1849 1920 1870 1948 ,
1941 1867 2344 1966 scriptionem
2388 1871 2786 1965 irregularem

368 1970 559 2040 &alia
581 1966 837 2048 similia,
889 1969 1246 2065 genuinum
1283 1967 1528 2041 sensum
1562 1965 1984 2038 conservantia
1999 1968 2026 2047 ,‘
2075 1990 2211 2038 non
2245 1964 2336 2039 est
2372 1990 2789 2068 corrumpere

365 2069 665 2141 Textum
683 2119 705 2151 ‚
758 2064 863 2140 sed
881 2068 1151 2166 potius}
1184 2069 1609 2167 corruptione
1634 2063 2022 2138 conservare.

466 2166 796 2239 Pontificii
812 2170 1090 2240 etiamex
1107 2160 1207 2238 his
1225 2169 1400 2239 notis
1428 2163 1876 2263 marginalibus
1904 2171 1971 2236 &
2004 2166 2185 2237 variis
2216 2163 2607 2236 lefiionibus
2639 2189 2777 2237 non

373 2259 636 2361 possunt
654 2261 920 2362 probare
948 2267 1434 2363 corruptionem
1464 2267 1725 2336 'sextus
1756 2263 2057 2336 Hebraici
2096 2295 2112 2335 ε
2169 2288 2314 2336 nam
2348 2260 2574 2335 similes
2600 2282 2779 2337 notae

369 2365 742 2459 marginales
786 2364 926 2436 sunt
971 2362 1053 2435 ad
1099 2367 1448 2464 marginem
1484 2366 1798 2437 variarum
1844 2361 2212 2436 editionum
2258 2364 2560 2458 Vulgatae
2609 2367 2774 2436 Ver-

373 2458 580 2532 fionis
605 2483 920 2534 annotatae
968 2462 1193 2535 abillis
1236 2461 1429 2560 ipfis3
1500 2483 1775 2558 quarum
1811 2483 2014 2535 tamen
2068 2475 2472 2534 annotatores
2514 2483 2779 2561 propte-

363 2584 472 2630 rea
498 2561 576 2632 ab
605 2556 751 2656 ipsis
795 2582 1202 2659 corruptores
1249 2562 1612 2634 Bibliorum
1658 2587 1793 2634 non
1840 2580 2175 2655 vocantur.
2277 2561 2452 2658 Qis
2485 2585 2773 2652 unquam

357 2657 788 2730 Lovanienses
819 2658 1203 2756 Theologos
1245 2713 1269 2742 ,
1342 2664 1532 2734 varias
1568 2664 1868 2734 lestiones
1897 2659 1974 2735 ad
2017 2663 2364 2762 marginem
2404 2658 2770 2731 Bibliorum

351 2759 748 2829 Latinorum
786 2779 1155 2831 annotantes
1184 2755 1212 2843 ‚'
1257 2779 1668 2859 corruptores
1688 2761 2053 2834 Bibliorum
2069 2764 2371 2835 vocavit}
2426 2754 2595 2839 Vide
2608 2763 2772 2831 Hot-

351 2868 510 2960 ring.
546 2857 611 2927 in
629 2852 828 2929 Thes.
858 2855 1094 2930 Philol.
1102 2881 1253 2963 pag.
1271 2882 1426 2955 423.
1478 2861 1545 2932 Si
1559 2856 2060 2955 quisEditiones
2076 2862 2236 2931 Sixti
2267 2865 2335 2933 V
2368 2866 2435 2929 &
2469 2857 2777 2927 clemen.

350 2956 438 3025 tis
470 2958 649 3053 VIII
679 2953 991 3030 conferret
1025 3007 1045 3042 ,
1097 2959 1402 3030 inveniret
1435 2959 1499 3029 in
1535 2959 1657 3030 inis
1692 2959 1943 3052 aliquot
1978 2959 2169 3028 millia
2198 2961 2511 3029 variarum
2542 2957 2787 3027 lessio·-

354 3063 558 3136 num'·;
612 3078 763 3126 cum
800 3075 1002 3127 tamen
1021 3059 1181 3129 inter
1209 3081 1303 3127 eas
1330 3054 1672 3129 Editiones
1703 3075 1957 3130 tantum
1987 3057 2181 3126 unius
2207 3056 2439 3127 biennii
2474 3056 2769 3125 interval-

357 3151 500 3220 lum
516 3150 727 3226 fuerit.
746 3154 919 3231 Vide
930 3155 1159 3228 Antib.
1187 3154 1334 3228 Bibl.
1351 3164 1790 3258 Amamaepaeg.
1805 3166 1961 3250 476.
1980 3157 2164 3249 Ergo
2185 3150 2229 3223 si
2247 3150 2568 3225 Pontificii
2585 3157 2767 3225 Tex-

352 3265 507 3320 tum
525 3253 873 3323 Hebraeum
891 3256 1321 3351 corruptionis
1336 3256 1538 3325 velint
1552 3261 1831 3326 accusare
1861 3271 2125 3351 propter
2155 3252 2282 3323 illas
2309 3253 2502 3322 varias
2531 3252 2763 3324 leffio-

346 3370 466 3418 nes
485 3397 505 3428 ,
556 3369 696 3421 tum
715 3376 832 3423 nos
851 3354 1103 3425 meliori
1124 3351 1262 3442 jure
1281 3351 1442 3425 illud
1471 3350 1554 3423 de
1591 3351 1900 3425 Verfione
1930 3352 2213 3450 Vulgata
2244 3403 2263 3430 ‚
2318 3370 2517 3444 quam
2550 3355 2757 3438 tamen

339 3444 601 3543 ipsimet
613 3474 734 3547 pro
764 3454 1120 3523 αυᾶεῐιτίεᾶ
1154 3453 1408 3546 populo
1427 3448 1780 3526 obtrudere
1796 3454 2032 3524 volunt
2051 3501 2074 3534 ,
2130 3444 2375 3521 asserere
2404 3441 2757 3546 posstmuse

339 3549 591 3622 namin
626 3551 734 3622 §11:⁴2
765 3546 978 3622 adhuc
1007 3547 1141 3622 fere
1161 3548 1395 3621 infiniti
1409 3550 1559 3624 sunt
1587 3573 1829 3623 errores
1848 3601 1870 3635 ,
1921 3545 2161 3623 etiamsi
2194 3544 2483 3622 Isidorus
2511 3551 2760 3623 Clarius

333 3647 506 3718 οᾶο
526 3648 845 3738 vitiorum
875 3650 1070 3722 millia
1106 3653 1503 3721 annotaverit
1523 3656 1590 3721 δε
1607 3653 1978 3723 correxerit.
2156 3709 2165 3714 -
2496 3691 2505 3696 ·
2744 3705 2748 3712 .

447 3769 510 3817 2.
561 3746 787 3818 Posito
807 3753 874 3818 &
890 3773 1024 3819 non
1045 3743 1336 3838 concesso
1352 3797 1373 3829 ‚
1424 3746 1610 3842 quod
1627 3757 1775 3822 Καὶ
1793 3752 1855 3822 in
1874 3748 2185 3847 plerisque
2211 3749 2366 3821 locis
2390 3744 2471 3819 fit
2503 3750 2761 3821 aneten-

343 3840 550 3912 ticum
570 3894 590 3927 ,
638 3847 793 3918 &ab
808 3844 956 3945 ipsis
975 3847 1382 3920 Auctoribus
1412 3847 1730 3920 librorum
1765 3847 2163 3946 profefiumz
2216 3844 2368 3920 inde
2396 3865 2757 3917 tamennon

327 3939 632 4042 {equitur
644 3946 938 4052 [extum
956 3940 1492 4051 efficormptum3
1589 3953 1766 4052 §arn
1784 3946 2156 4050 ipsume‘
2180 3996 2205 4034 ‚
2257 3943 2308 4019 si
2338 3939 2764 4114 ςοηεεάἶῗιηιὲ

2188 4065 2195 4080 ¹
2674 4062 2715 4110 u
