<?xml version="1.0" encoding="UTF-8"?>
<!DOCTYPE html PUBLIC "-//W3C//DTD XHTML 1.0 Transitional//EN"
    "http://www.w3.org/TR/xhtml1/DTD/xhtml1-transitional.dtd">
<html xmlns="http://www.w3.org/1999/xhtml" xml:lang="en" lang="en">
 <head>
  <title>
</title>
<meta http-equiv="Content-Type" content="text/html;charset=utf-8" />
  <meta name='ocr-system' content='tesseract 3.04.00' />
  <meta name='ocr-capabilities' content='ocr_page ocr_carea ocr_par ocr_line ocrx_word'/>
</head>
<body>
  <div class='ocr_page' id='page_1' title='image "./philologushebra00maimgoog/philologushebra00maimgoog_0233.png"; bbox 0 0 3416 4576; ppageno 0'>
   <div class='ocr_carea' id='block_1_1' title="bbox 642 174 2807 367">
    <p class='ocr_par' dir='ltr' id='par_1_1' title="bbox 642 174 2807 367">
     <span class='ocr_line' id='line_1_1' title="bbox 642 174 2807 367; baseline 0.033 -73"><span class='ocrx_word' id='word_1_1' title='bbox 642 241 808 326; x_wconf 36' lang='lat' dir='ltr'>*De</span> <span class='ocrx_word' id='word_1_2' title='bbox 846 174 1117 346; x_wconf 55' lang='lat' dir='ltr'>bnguae</span> <span class='ocrx_word' id='word_1_3' title='bbox 1155 233 1863 349; x_wconf 75' lang='lat' dir='ltr'>HebraeaeOrigine</span> <span class='ocrx_word' id='word_1_4' title='bbox 1903 236 1985 325; x_wconf 60' lang='grc' dir='ltr'>Εὖ</span> <span class='ocrx_word' id='word_1_5' title='bbox 2009 235 2526 367; x_wconf 53' lang='lat' dir='ltr'>&#39;‘latiqus‘m&#39;e·</span> <span class='ocrx_word' id='word_1_6' title='bbox 2656 272 2807 357; x_wconf 88' lang='lat'>197</span> 
     </span>
    </p>
   </div>
   <div class='ocr_carea' id='block_1_2' title="bbox 233 368 2804 3916">
    <p class='ocr_par' dir='ltr' id='par_1_2' title="bbox 370 368 2473 477">
     <span class='ocr_line' id='line_1_2' title="bbox 370 368 2473 477; baseline -0 -29"><span class='ocrx_word' id='word_1_7' title='bbox 370 370 638 448; x_wconf 80' lang='lat' dir='ltr'>braicam</span> <span class='ocrx_word' id='word_1_8' title='bbox 687 369 1089 455; x_wconf 88' lang='lat' dir='ltr'>discendam,</span> <span class='ocrx_word' id='word_1_9' title='bbox 1121 368 1349 466; x_wconf 71' lang='lat' dir='ltr'>quam</span> <span class='ocrx_word' id='word_1_10' title='bbox 1397 368 1475 443; x_wconf 92' lang='lat' dir='ltr'>ad</span> <span class='ocrx_word' id='word_1_11' title='bbox 1519 375 1661 443; x_wconf 82' lang='lat' dir='ltr'>alias</span> <span class='ocrx_word' id='word_1_12' title='bbox 1704 376 1948 477; x_wconf 77' lang='lat' dir='ltr'>linguas</span> <span class='ocrx_word' id='word_1_13' title='bbox 2000 370 2473 451; x_wconf 79' lang='lat' dir='ltr'>occidentales,</span> 
     </span>
    </p>

    <p class='ocr_par' dir='ltr' id='par_1_3' title="bbox 355 466 2804 766">
     <span class='ocr_line' id='line_1_3' title="bbox 373 466 2804 572; baseline -0.001 -31"><span class='ocrx_word' id='word_1_14' title='bbox 373 467 379 473; x_wconf 72' lang='grc'><strong>’</strong></span> <span class='ocrx_word' id='word_1_15' title='bbox 471 496 536 542; x_wconf 64' lang='lat'>22.</span> <span class='ocrx_word' id='word_1_16' title='bbox 593 472 659 541; x_wconf 90' lang='lat' dir='ltr'>Si</span> <span class='ocrx_word' id='word_1_17' title='bbox 694 474 913 572; x_wconf 86' lang='lat' dir='ltr'>lingua</span> <span class='ocrx_word' id='word_1_18' title='bbox 944 470 1256 543; x_wconf 84' lang='lat' dir='ltr'>Hebraica</span> <span class='ocrx_word' id='word_1_19' title='bbox 1290 466 1431 541; x_wconf 73' lang='lat' dir='ltr'>ess‘et</span> <span class='ocrx_word' id='word_1_20' title='bbox 1464 473 1760 542; x_wconf 85' lang='lat' dir='ltr'>naturalis</span> <span class='ocrx_word' id='word_1_21' title='bbox 1793 522 1813 553; x_wconf 90' lang='lat'>,</span> <span class='ocrx_word' id='word_1_22' title='bbox 1867 497 2022 570; x_wconf 87' lang='lat' dir='ltr'>ergo</span> <span class='ocrx_word' id='word_1_23' title='bbox 2057 469 2631 547; x_wconf 65' lang='lat' dir='ltr'>sardianativitate</span> <span class='ocrx_word' id='word_1_24' title='bbox 2657 480 2804 547; x_wconf 88' lang='lat' dir='ltr'>He-</span> 
     </span>
     <span class='ocr_line' id='line_1_4' title="bbox 361 566 2784 671; baseline 0.003 -35"><span class='ocrx_word' id='word_1_25' title='bbox 361 566 581 641; x_wconf 74' lang='lat' dir='ltr'>braice</span> <span class='ocrx_word' id='word_1_26' title='bbox 597 570 1061 664; x_wconf 82' lang='lat' dir='ltr'>loquerentur:</span> <span class='ocrx_word' id='word_1_27' title='bbox 1114 567 1218 640; x_wconf 90' lang='lat' dir='ltr'>sed</span> <span class='ocrx_word' id='word_1_28' title='bbox 1234 571 1603 666; x_wconf 80' lang='lat' dir='ltr'>experientia</span> <span class='ocrx_word' id='word_1_29' title='bbox 1635 568 1865 664; x_wconf 86' lang='lat' dir='ltr'>probat</span> <span class='ocrx_word' id='word_1_30' title='bbox 1889 573 2042 652; x_wconf 85' lang='lat' dir='ltr'>tales</span> <span class='ocrx_word' id='word_1_31' title='bbox 2074 568 2301 641; x_wconf 87' lang='lat' dir='ltr'>surdos</span> <span class='ocrx_word' id='word_1_32' title='bbox 2331 574 2517 643; x_wconf 84' lang='lat' dir='ltr'>etiam</span> <span class='ocrx_word' id='word_1_33' title='bbox 2551 572 2784 671; x_wconf 83' lang='lat' dir='ltr'>semper</span> 
     </span>
     <span class='ocr_line' id='line_1_5' title="bbox 355 661 2319 766; baseline 0 -26"><span class='ocrx_word' id='word_1_34' title='bbox 355 661 480 741; x_wconf 81' lang='lat' dir='ltr'>effe</span> <span class='ocrx_word' id='word_1_35' title='bbox 498 690 748 741; x_wconf 91' lang='lat' dir='ltr'>mutos.</span> <span class='ocrx_word' id='word_1_36' title='bbox 804 677 960 742; x_wconf 89' lang='lat' dir='ltr'>Imo</span> <span class='ocrx_word' id='word_1_37' title='bbox 981 665 1269 740; x_wconf 86' lang='lat' dir='ltr'>surdivix</span> <span class='ocrx_word' id='word_1_38' title='bbox 1287 662 1531 764; x_wconf 65' lang='lat' dir='ltr'>possent</span> <span class='ocrx_word' id='word_1_39' title='bbox 1550 666 1856 739; x_wconf 88' lang='lat' dir='ltr'>abstinere</span> <span class='ocrx_word' id='word_1_40' title='bbox 1870 670 1948 739; x_wconf 83' lang='lat' dir='ltr'>ab</span> <span class='ocrx_word' id='word_1_41' title='bbox 1962 670 2062 738; x_wconf 82' lang='lat' dir='ltr'>illa</span> <span class='ocrx_word' id='word_1_42' title='bbox 2077 671 2319 766; x_wconf 84' lang='lat' dir='ltr'>lingua.</span> 
     </span>
    </p>

    <p class='ocr_par' dir='ltr' id='par_1_4' title="bbox 272 763 2772 1162">
     <span class='ocr_line' id='line_1_6' title="bbox 464 763 2049 866; baseline -0.002 -25"><span class='ocrx_word' id='word_1_43' title='bbox 464 773 792 841; x_wconf 85' lang='lat' dir='ltr'>Naturam</span> <span class='ocrx_word' id='word_1_44' title='bbox 813 764 1258 866; x_wconf 67' lang='lat' dir='ltr'>expellasfurcai</span> <span class='ocrx_word' id='word_1_45' title='bbox 1277 787 1478 837; x_wconf 87' lang='lat' dir='ltr'>tamen</span> <span class='ocrx_word' id='word_1_46' title='bbox 1521 763 1722 857; x_wconf 90' lang='lat' dir='ltr'>usque</span> <span class='ocrx_word' id='word_1_47' title='bbox 1749 784 2049 838; x_wconf 89' lang='lat' dir='ltr'>recurret.</span> 
     </span>
     <span class='ocr_line' id='line_1_7' title="bbox 272 860 2765 963; baseline -0.001 -25"><span class='ocrx_word' id='word_1_48' title='bbox 272 863 281 869; x_wconf 47' lang='lat'><strong>⁴</strong></span> <span class='ocrx_word' id='word_1_49' title='bbox 356 870 371 943; x_wconf 71' lang='grc' dir='ltr'>Ϊ</span> <span class='ocrx_word' id='word_1_50' title='bbox 455 864 641 938; x_wconf 84' lang='lat' dir='ltr'>Nam</span> <span class='ocrx_word' id='word_1_51' title='bbox 673 862 980 963; x_wconf 78' lang='lat' dir='ltr'>deprimas</span> <span class='ocrx_word' id='word_1_52' title='bbox 1016 866 1107 937; x_wconf 88' lang='lat' dir='ltr'>vel</span> <span class='ocrx_word' id='word_1_53' title='bbox 1135 889 1245 960; x_wconf 90' lang='lat' dir='ltr'>per</span> <span class='ocrx_word' id='word_1_54' title='bbox 1278 889 1516 935; x_wconf 84' lang='lat' dir='ltr'>annum</span> <span class='ocrx_word' id='word_1_55' title='bbox 1552 860 1812 935; x_wconf 91' lang='lat' dir='ltr'>fumum</span> <span class='ocrx_word' id='word_1_56' title='bbox 1858 863 2155 936; x_wconf 85' lang='lat' dir='ltr'>deorsum</span> <span class='ocrx_word' id='word_1_57' title='bbox 2194 866 2215 943; x_wconf 55' lang='grc' dir='ltr'><strong><em>ζ</em></strong></span> <span class='ocrx_word' id='word_1_58' title='bbox 2281 883 2489 932; x_wconf 83' lang='lat' dir='ltr'>tamen</span> <span class='ocrx_word' id='word_1_59' title='bbox 2525 863 2765 961; x_wconf 84' lang='lat' dir='ltr'>semper</span> 
     </span>
     <span class='ocr_line' id='line_1_8' title="bbox 349 961 2772 1059; baseline -0.002 -21"><span class='ocrx_word' id='word_1_60' title='bbox 349 962 691 1049; x_wconf 72' lang='lat' dir='ltr'>ascendet3</span> <span class='ocrx_word' id='word_1_61' title='bbox 741 967 888 1057; x_wconf 83' lang='lat' dir='ltr'>quia</span> <span class='ocrx_word' id='word_1_62' title='bbox 902 962 1350 1035; x_wconf 66' lang='lat' dir='ltr'>fumusnatura</span> <span class='ocrx_word' id='word_1_63' title='bbox 1367 964 1471 1033; x_wconf 66' lang='lat' dir='ltr'>suci</span> <span class='ocrx_word' id='word_1_64' title='bbox 1488 963 1726 1059; x_wconf 86' lang='lat' dir='ltr'>semper</span> <span class='ocrx_word' id='word_1_65' title='bbox 1776 965 2015 1033; x_wconf 90' lang='lat' dir='ltr'>sursum</span> <span class='ocrx_word' id='word_1_66' title='bbox 2045 961 2277 1036; x_wconf 84' lang='lat' dir='ltr'>tendit.</span> <span class='ocrx_word' id='word_1_67' title='bbox 2379 963 2772 1034; x_wconf 85' lang='lat' dir='ltr'>Similiterla-</span> 
     </span>
     <span class='ocr_line' id='line_1_9' title="bbox 351 1057 2387 1162; baseline -0.003 -28"><span class='ocrx_word' id='word_1_68' title='bbox 351 1062 586 1162; x_wconf 79' lang='lat' dir='ltr'>pidem</span> <span class='ocrx_word' id='word_1_69' title='bbox 602 1064 697 1133; x_wconf 88' lang='lat' dir='ltr'>vel</span> <span class='ocrx_word' id='word_1_70' title='bbox 716 1065 928 1135; x_wconf 88' lang='lat' dir='ltr'>millies</span> <span class='ocrx_word' id='word_1_71' title='bbox 940 1062 1175 1133; x_wconf 89' lang='lat' dir='ltr'>sursum</span> <span class='ocrx_word' id='word_1_72' title='bbox 1190 1057 1480 1156; x_wconf 84' lang='lat' dir='ltr'>projicias</span> <span class='ocrx_word' id='word_1_73' title='bbox 1500 1080 1706 1130; x_wconf 87' lang='lat' dir='ltr'>tamen</span> <span class='ocrx_word' id='word_1_74' title='bbox 1731 1064 1958 1157; x_wconf 83' lang='lat' dir='ltr'>semper</span> <span class='ocrx_word' id='word_1_75' title='bbox 1971 1059 2314 1133; x_wconf 83' lang='lat' dir='ltr'>descendet.</span> <span class='ocrx_word' id='word_1_76' title='bbox 2382 1112 2387 1118; x_wconf 81' lang='grc'><strong>.</strong></span> 
     </span>
    </p>

    <p class='ocr_par' dir='ltr' id='par_1_5' title="bbox 356 1156 2743 1453">
     <span class='ocr_line' id='line_1_10' title="bbox 475 1156 2743 1256; baseline -0.002 -22"><span class='ocrx_word' id='word_1_77' title='bbox 475 1187 529 1256; x_wconf 87' lang='lat'>3.</span> <span class='ocrx_word' id='word_1_78' title='bbox 584 1163 855 1233; x_wconf 81' lang='lat' dir='ltr'>Varietas</span> <span class='ocrx_word' id='word_1_79' title='bbox 869 1162 967 1230; x_wconf 81' lang='lat' dir='ltr'>illa</span> <span class='ocrx_word' id='word_1_80' title='bbox 995 1163 1056 1232; x_wconf 85' lang='lat' dir='ltr'>in</span> <span class='ocrx_word' id='word_1_81' title='bbox 1092 1156 1699 1253; x_wconf 85' lang='lat' dir='ltr'>Conjugationibus</span> <span class='ocrx_word' id='word_1_82' title='bbox 1732 1167 1799 1229; x_wconf 88' lang='lat'>&amp;</span> <span class='ocrx_word' id='word_1_83' title='bbox 1829 1162 2382 1231; x_wconf 89' lang='lat' dir='ltr'>Declinationibus</span> <span class='ocrx_word' id='word_1_84' title='bbox 2416 1157 2743 1229; x_wconf 83' lang='lat' dir='ltr'>Hebraicis</span> 
     </span>
     <span class='ocr_line' id='line_1_11' title="bbox 360 1251 2737 1352; baseline -0.001 -22"><span class='ocrx_word' id='word_1_85' title='bbox 360 1284 438 1330; x_wconf 82' lang='lat' dir='ltr'>ac</span> <span class='ocrx_word' id='word_1_86' title='bbox 465 1258 765 1331; x_wconf 79' lang='lat' dir='ltr'>derivatio</span> <span class='ocrx_word' id='word_1_87' title='bbox 795 1279 956 1330; x_wconf 87' lang='lat' dir='ltr'>certa</span> <span class='ocrx_word' id='word_1_88' title='bbox 991 1259 1027 1328; x_wconf 69' lang='lat' dir='ltr'>a</span> <span class='ocrx_word' id='word_1_89' title='bbox 1061 1256 1451 1352; x_wconf 87' lang='lat' dir='ltr'>quibusdam</span> <span class='ocrx_word' id='word_1_90' title='bbox 1493 1254 1856 1339; x_wconf 85' lang='lat' dir='ltr'>Radicibus</span> <span class='ocrx_word' id='word_1_91' title='bbox 1879 1282 2014 1328; x_wconf 90' lang='lat' dir='ltr'>non</span> <span class='ocrx_word' id='word_1_92' title='bbox 2049 1256 2306 1330; x_wconf 87' lang='lat' dir='ltr'>videtur</span> <span class='ocrx_word' id='word_1_93' title='bbox 2324 1251 2444 1327; x_wconf 85' lang='lat' dir='ltr'>esse</span> <span class='ocrx_word' id='word_1_94' title='bbox 2462 1259 2498 1327; x_wconf 72' lang='lat' dir='ltr'>a</span> <span class='ocrx_word' id='word_1_95' title='bbox 2516 1260 2737 1328; x_wconf 64' lang='lat' dir='ltr'>natura</span> 
     </span>
     <span class='ocr_line' id='line_1_12' title="bbox 356 1351 1972 1453; baseline -0.001 -24"><span class='ocrx_word' id='word_1_96' title='bbox 356 1355 462 1429; x_wconf 70' lang='lat' dir='ltr'>fied</span> <span class='ocrx_word' id='word_1_97' title='bbox 477 1383 550 1428; x_wconf 84' lang='lat' dir='ltr'>ex</span> <span class='ocrx_word' id='word_1_98' title='bbox 566 1354 866 1431; x_wconf 86' lang='lat' dir='ltr'>instituto</span> <span class='ocrx_word' id='word_1_99' title='bbox 886 1407 908 1440; x_wconf 91' lang='lat'>‚</span> <span class='ocrx_word' id='word_1_100' title='bbox 958 1361 1055 1429; x_wconf 90' lang='lat' dir='ltr'>vel</span> <span class='ocrx_word' id='word_1_101' title='bbox 1074 1382 1152 1427; x_wconf 87' lang='lat' dir='ltr'>ex</span> <span class='ocrx_word' id='word_1_102' title='bbox 1168 1377 1347 1428; x_wconf 91' lang='lat' dir='ltr'>certo</span> <span class='ocrx_word' id='word_1_103' title='bbox 1367 1352 1659 1453; x_wconf 87' lang='lat' dir='ltr'>quodam</span> <span class='ocrx_word' id='word_1_104' title='bbox 1674 1351 1972 1427; x_wconf 83' lang='lat' dir='ltr'>confili0.</span> 
     </span>
    </p>

    <p class='ocr_par' dir='ltr' id='par_1_6' title="bbox 247 1449 2790 2131">
     <span class='ocr_line' id='line_1_13' title="bbox 362 1449 2777 1555; baseline 0.002 -32"><span class='ocrx_word' id='word_1_105' title='bbox 362 1450 379 1459; x_wconf 70' lang='grc'><strong>”</strong></span> <span class='ocrx_word' id='word_1_106' title='bbox 456 1458 542 1525; x_wconf 88' lang='lat' dir='ltr'>V.</span> <span class='ocrx_word' id='word_1_107' title='bbox 595 1458 780 1549; x_wconf 82' lang='lat' dir='ltr'>atqui</span> <span class='ocrx_word' id='word_1_108' title='bbox 810 1479 1035 1555; x_wconf 83' lang='lat' dir='ltr'>regeret</span> <span class='ocrx_word' id='word_1_109' title='bbox 1066 1452 1244 1525; x_wconf 73' lang='lat' dir='ltr'>forte</span> <span class='ocrx_word' id='word_1_110' title='bbox 1274 1456 1523 1547; x_wconf 74' lang='lat' dir='ltr'>aliquis·</span> <span class='ocrx_word' id='word_1_111' title='bbox 1624 1454 1877 1548; x_wconf 86' lang='lat' dir='ltr'>Lingua</span> <span class='ocrx_word' id='word_1_112' title='bbox 1907 1450 2206 1523; x_wconf 84' lang='lat' dir='ltr'>Hebraica</span> <span class='ocrx_word' id='word_1_113' title='bbox 2240 1449 2491 1522; x_wconf 91' lang='lat' dir='ltr'>videtur</span> <span class='ocrx_word' id='word_1_114' title='bbox 2518 1451 2777 1528; x_wconf 86' lang='lat' dir='ltr'>homini</span> 
     </span>
     <span class='ocr_line' id='line_1_14' title="bbox 247 1548 2764 1649; baseline -0 -23"><span class='ocrx_word' id='word_1_115' title='bbox 247 1556 255 1564; x_wconf 78' lang='grc'><strong><em>’</em></strong></span> <span class='ocrx_word' id='word_1_116' title='bbox 340 1548 526 1640; x_wconf 70' lang='lat' dir='ltr'>fuisse</span> <span class='ocrx_word' id='word_1_117' title='bbox 542 1555 872 1626; x_wconf 84' lang='lat' dir='ltr'>naturalis:</span> <span class='ocrx_word' id='word_1_118' title='bbox 930 1555 1087 1646; x_wconf 87' lang='lat' dir='ltr'>quia</span> <span class='ocrx_word' id='word_1_119' title='bbox 1101 1551 1566 1649; x_wconf 86' lang='lat' dir='ltr'>primushomo</span> <span class='ocrx_word' id='word_1_120' title='bbox 1587 1548 1878 1623; x_wconf 82' lang='lat' dir='ltr'>Adamus</span> <span class='ocrx_word' id='word_1_121' title='bbox 1909 1549 2116 1622; x_wconf 83' lang='lat' dir='ltr'>statim</span> <span class='ocrx_word' id='word_1_122' title='bbox 2152 1551 2185 1618; x_wconf 70' lang='lat' dir='ltr'>a</span> <span class='ocrx_word' id='word_1_123' title='bbox 2214 1553 2524 1624; x_wconf 86' lang='lat' dir='ltr'>creatione</span> <span class='ocrx_word' id='word_1_124' title='bbox 2542 1558 2764 1624; x_wconf 84' lang='lat' dir='ltr'>Deum</span> 
     </span>
     <span class='ocr_line' id='line_1_15' title="bbox 345 1644 2767 1743; baseline 0 -19"><span class='ocrx_word' id='word_1_125' title='bbox 345 1651 1074 1743; x_wconf 76' lang='lat' dir='ltr'>Hebraiceloquentem</span> <span class='ocrx_word' id='word_1_126' title='bbox 1095 1651 1428 1723; x_wconf 86' lang='lat' dir='ltr'>intellexit.</span> <span class='ocrx_word' id='word_1_127' title='bbox 1480 1651 1541 1718; x_wconf 89' lang='lat' dir='ltr'>Si</span> <span class='ocrx_word' id='word_1_128' title='bbox 1561 1648 1713 1719; x_wconf 74' lang='lat' dir='ltr'>vero</span> <span class='ocrx_word' id='word_1_129' title='bbox 1733 1651 1820 1720; x_wconf 91' lang='lat' dir='ltr'>lin</span> <span class='ocrx_word' id='word_1_130' title='bbox 1871 1675 1946 1720; x_wconf 88' lang='lat' dir='ltr'>ua</span> <span class='ocrx_word' id='word_1_131' title='bbox 1959 1647 2264 1719; x_wconf 85' lang='lat' dir='ltr'>Hebraica</span> <span class='ocrx_word' id='word_1_132' title='bbox 2290 1644 2500 1719; x_wconf 78' lang='lat' dir='ltr'>fuiss&#39;et</span> <span class='ocrx_word' id='word_1_133' title='bbox 2515 1670 2767 1743; x_wconf 78' lang='lat' dir='ltr'>tantum</span> 
     </span>
     <span class='ocr_line' id='line_1_16' title="bbox 352 1744 2782 1864; baseline 0 -43"><span class='ocrx_word' id='word_1_134' title='bbox 352 1747 1342 1832; x_wconf 79' lang='lat' dir='ltr'>exinstituto&amp;consuetudine,</span> <span class='ocrx_word' id='word_1_135' title='bbox 1392 1770 1533 1818; x_wconf 90' lang='lat' dir='ltr'>tum</span> <span class='ocrx_word' id='word_1_136' title='bbox 1549 1745 1806 1829; x_wconf 79' lang='lat' dir='ltr'>homoa</span> <span class='ocrx_word' id='word_1_137' title='bbox 1882 1750 2228 1819; x_wconf 89' lang='lat' dir='ltr'>minimum</span> <span class='ocrx_word' id='word_1_138' title='bbox 2263 1750 2513 1840; x_wconf 88' lang='lat' dir='ltr'>aliquot</span> <span class='ocrx_word' id='word_1_139' title='bbox 2544 1744 2782 1864; x_wconf 50' lang='lat' dir='ltr'>mqnses</span> 
     </span>
     <span class='ocr_line' id='line_1_17' title="bbox 347 1843 2776 1945; baseline 0.001 -26"><span class='ocrx_word' id='word_1_140' title='bbox 347 1843 1036 1930; x_wconf 82' lang='lat' dir='ltr'>insumeredebuiffet‚</span> <span class='ocrx_word' id='word_1_141' title='bbox 1082 1867 1419 1945; x_wconf 68' lang='lat' dir='ltr'>antequam</span> <span class='ocrx_word' id='word_1_142' title='bbox 1453 1851 1679 1918; x_wconf 90' lang='lat' dir='ltr'>Deum</span> <span class='ocrx_word' id='word_1_143' title='bbox 1710 1847 2023 1918; x_wconf 72' lang='lat' dir='ltr'>Hebraice</span> <span class='ocrx_word' id='word_1_144' title='bbox 2051 1847 2433 1939; x_wconf 88' lang='lat' dir='ltr'>loquentem</span> <span class='ocrx_word' id='word_1_145' title='bbox 2465 1851 2776 1944; x_wconf 86' lang='lat' dir='ltr'>intelhg&#39;e-</span> 
     </span>
     <span class='ocr_line' id='line_1_18' title="bbox 342 1944 2771 2048; baseline -0.002 -30"><span class='ocrx_word' id='word_1_146' title='bbox 342 1954 447 2028; x_wconf 79' lang='lat' dir='ltr'>re,</span> <span class='ocrx_word' id='word_1_147' title='bbox 503 1947 1007 2021; x_wconf 85' lang='lat' dir='ltr'>&amp;animantibus</span> <span class='ocrx_word' id='word_1_148' title='bbox 1036 1944 1299 2021; x_wconf 74' lang='lat' dir='ltr'>nomina</span> <span class='ocrx_word' id='word_1_149' title='bbox 1332 1947 1778 2047; x_wconf 84' lang='lat' dir='ltr'>convenientia</span> <span class='ocrx_word' id='word_1_150' title='bbox 1811 1964 2049 2016; x_wconf 84' lang='lat' dir='ltr'>naturae</span> <span class='ocrx_word' id='word_1_151' title='bbox 2089 1944 2371 2043; x_wconf 88' lang='lat' dir='ltr'>ipsorum</span> <span class='ocrx_word' id='word_1_152' title='bbox 2401 1944 2613 2019; x_wconf 87' lang='lat' dir='ltr'>indere</span> <span class='ocrx_word' id='word_1_153' title='bbox 2641 1974 2771 2048; x_wconf 91' lang='lat' dir='ltr'>po-</span> 
     </span>
     <span class='ocr_line' id='line_1_19' title="bbox 338 2040 2790 2131; baseline 0 -16"><span class='ocrx_word' id='word_1_154' title='bbox 338 2040 578 2117; x_wconf 85' lang='lat' dir='ltr'>tuiffet.</span> <span class='ocrx_word' id='word_1_155' title='bbox 2180 2122 2183 2126; x_wconf 11' lang='grc' dir='ltr'><strong>Α</strong></span> <span class='ocrx_word' id='word_1_156' title='bbox 2783 2126 2790 2131; x_wconf 37' lang='lat'>‚</span> 
     </span>
    </p>

    <p class='ocr_par' dir='ltr' id='par_1_7' title="bbox 332 2145 2763 3026">
     <span class='ocr_line' id='line_1_20' title="bbox 438 2145 2761 2244; baseline -0.001 -23"><span class='ocrx_word' id='word_1_157' title='bbox 438 2148 789 2239; x_wconf 73' lang='lat' dir='ltr'>Respondeo.</span> <span class='ocrx_word' id='word_1_158' title='bbox 842 2147 1169 2243; x_wconf 82' lang='lat' dir='ltr'>Cognitio</span> <span class='ocrx_word' id='word_1_159' title='bbox 1188 2149 1289 2219; x_wconf 85' lang='lat' dir='ltr'>illa</span> <span class='ocrx_word' id='word_1_160' title='bbox 1304 2148 1548 2244; x_wconf 82' lang='lat' dir='ltr'>linguae</span> <span class='ocrx_word' id='word_1_161' title='bbox 1566 2145 1899 2219; x_wconf 85' lang='lat' dir='ltr'>Hebraicae</span> <span class='ocrx_word' id='word_1_162' title='bbox 1917 2147 1980 2218; x_wconf 89' lang='lat' dir='ltr'>in</span> <span class='ocrx_word' id='word_1_163' title='bbox 2000 2146 2214 2244; x_wconf 83' lang='lat' dir='ltr'>primis</span> <span class='ocrx_word' id='word_1_164' title='bbox 2245 2146 2609 2241; x_wconf 80' lang='lat' dir='ltr'>parentibus</span> <span class='ocrx_word' id='word_1_165' title='bbox 2624 2160 2761 2219; x_wconf 81' lang='lat' dir='ltr'>non</span> 
     </span>
     <span class='ocr_line' id='line_1_21' title="bbox 345 2238 2763 2331; baseline 0 -16"><span class='ocrx_word' id='word_1_166' title='bbox 345 2238 480 2315; x_wconf 85' lang='lat' dir='ltr'>fuit</span> <span class='ocrx_word' id='word_1_167' title='bbox 498 2245 534 2315; x_wconf 65' lang='lat' dir='ltr'>a</span> <span class='ocrx_word' id='word_1_168' title='bbox 551 2264 797 2329; x_wconf 85' lang='lat' dir='ltr'>natura,</span> <span class='ocrx_word' id='word_1_169' title='bbox 847 2270 958 2318; x_wconf 80' lang='lat' dir='ltr'>nec</span> <span class='ocrx_word' id='word_1_170' title='bbox 974 2269 1052 2319; x_wconf 82' lang='lat' dir='ltr'>ex</span> <span class='ocrx_word' id='word_1_171' title='bbox 1071 2245 1370 2320; x_wconf 85' lang='lat' dir='ltr'>instituto</span> <span class='ocrx_word' id='word_1_172' title='bbox 1388 2243 1717 2331; x_wconf 63' lang='lat' dir='ltr'>humanm</span> <span class='ocrx_word' id='word_1_173' title='bbox 1773 2243 1874 2318; x_wconf 90' lang='lat' dir='ltr'>sed</span> <span class='ocrx_word' id='word_1_174' title='bbox 1890 2243 2014 2318; x_wconf 84' lang='lat' dir='ltr'>fuit</span> <span class='ocrx_word' id='word_1_175' title='bbox 2035 2247 2070 2314; x_wconf 68' lang='lat' dir='ltr'>a</span> <span class='ocrx_word' id='word_1_176' title='bbox 2087 2248 2235 2316; x_wconf 91' lang='lat' dir='ltr'>Deo</span> <span class='ocrx_word' id='word_1_177' title='bbox 2257 2241 2508 2315; x_wconf 86' lang='lat' dir='ltr'>homini</span> <span class='ocrx_word' id='word_1_178' title='bbox 2527 2248 2616 2315; x_wconf 89' lang='lat' dir='ltr'>irn</span> <span class='ocrx_word' id='word_1_179' title='bbox 2627 2270 2763 2317; x_wconf 89' lang='lat' dir='ltr'>me-</span> 
     </span>
     <span class='ocr_line' id='line_1_22' title="bbox 352 2339 2758 2440; baseline 0.001 -28"><span class='ocrx_word' id='word_1_180' title='bbox 352 2339 524 2412; x_wconf 72' lang='lat' dir='ltr'>diate</span> <span class='ocrx_word' id='word_1_181' title='bbox 538 2363 759 2435; x_wconf 73' lang='lat' dir='ltr'>praeter</span> <span class='ocrx_word' id='word_1_182' title='bbox 777 2363 1067 2415; x_wconf 88' lang='lat' dir='ltr'>naturam</span> <span class='ocrx_word' id='word_1_183' title='bbox 1084 2343 1362 2435; x_wconf 85' lang='lat' dir='ltr'>instillata</span> <span class='ocrx_word' id='word_1_184' title='bbox 1392 2352 1456 2415; x_wconf 88' lang='lat'>&amp;</span> <span class='ocrx_word' id='word_1_185' title='bbox 1494 2343 1713 2417; x_wconf 83' lang='lat' dir='ltr'>infusa.</span> <span class='ocrx_word' id='word_1_186' title='bbox 1813 2348 1963 2417; x_wconf 86' lang='lat' dir='ltr'>Fuit</span> <span class='ocrx_word' id='word_1_187' title='bbox 1995 2366 2152 2440; x_wconf 89' lang='lat' dir='ltr'>ergo</span> <span class='ocrx_word' id='word_1_188' title='bbox 2188 2340 2444 2413; x_wconf 84' lang='lat' dir='ltr'>donum</span> <span class='ocrx_word' id='word_1_189' title='bbox 2472 2361 2758 2414; x_wconf 73' lang='lat' dir='ltr'>extraor-</span> 
     </span>
     <span class='ocr_line' id='line_1_23' title="bbox 352 2436 2752 2541; baseline 0.002 -33"><span class='ocrx_word' id='word_1_190' title='bbox 352 2436 755 2510; x_wconf 81' lang='lat' dir='ltr'>dinarium&amp;</span> <span class='ocrx_word' id='word_1_191' title='bbox 774 2445 1277 2536; x_wconf 80' lang='lat' dir='ltr'>praeternaturale</span> <span class='ocrx_word' id='word_1_192' title='bbox 1298 2452 1341 2513; x_wconf 70' lang='grc' dir='ltr'>ι’</span> <span class='ocrx_word' id='word_1_193' title='bbox 1374 2449 1775 2541; x_wconf 70' lang='lat' dir='ltr'>&amp;propterea</span> <span class='ocrx_word' id='word_1_194' title='bbox 1803 2444 1993 2541; x_wconf 89' lang='lat' dir='ltr'>primi</span> <span class='ocrx_word' id='word_1_195' title='bbox 2032 2437 2232 2513; x_wconf 89' lang='lat' dir='ltr'>nostri</span> <span class='ocrx_word' id='word_1_196' title='bbox 2275 2459 2551 2534; x_wconf 88' lang='lat' dir='ltr'>parentes</span> <span class='ocrx_word' id='word_1_197' title='bbox 2583 2441 2752 2512; x_wconf 80' lang='lat' dir='ltr'>illam</span> 
     </span>
     <span class='ocr_line' id='line_1_24' title="bbox 354 2534 2754 2640; baseline 0.001 -34"><span class='ocrx_word' id='word_1_198' title='bbox 354 2536 804 2631; x_wconf 85' lang='lat' dir='ltr'>cognitionem</span> <span class='ocrx_word' id='word_1_199' title='bbox 834 2539 1067 2637; x_wconf 68' lang='lat' dir='ltr'>linguae</span> <span class='ocrx_word' id='word_1_200' title='bbox 1100 2541 1428 2613; x_wconf 81' lang='lat' dir='ltr'>Hebraicae</span> <span class='ocrx_word' id='word_1_201' title='bbox 1453 2591 1474 2624; x_wconf 91' lang='lat'>‚</span> <span class='ocrx_word' id='word_1_202' title='bbox 1523 2563 1751 2640; x_wconf 88' lang='lat' dir='ltr'>utpote</span> <span class='ocrx_word' id='word_1_203' title='bbox 1793 2539 2374 2634; x_wconf 82' lang='lat' dir='ltr'>extraordinariam,</span> <span class='ocrx_word' id='word_1_204' title='bbox 2423 2543 2502 2608; x_wconf 77' lang='grc' dir='ltr'>δι</span> <span class='ocrx_word' id='word_1_205' title='bbox 2530 2534 2608 2608; x_wconf 88' lang='lat' dir='ltr'>ad</span> <span class='ocrx_word' id='word_1_206' title='bbox 2642 2535 2754 2609; x_wconf 84' lang='lat' dir='ltr'>ha-</span> 
     </span>
     <span class='ocr_line' id='line_1_25' title="bbox 350 2632 2749 2738; baseline 0.003 -34"><span class='ocrx_word' id='word_1_207' title='bbox 350 2632 780 2705; x_wconf 85' lang='lat' dir='ltr'>bitusinfusos</span> <span class='ocrx_word' id='word_1_208' title='bbox 791 2640 1249 2731; x_wconf 85' lang='lat' dir='ltr'>pertinentem,</span> <span class='ocrx_word' id='word_1_209' title='bbox 1303 2663 1438 2709; x_wconf 89' lang='lat' dir='ltr'>non</span> <span class='ocrx_word' id='word_1_210' title='bbox 1456 2643 1961 2738; x_wconf 79' lang='lat' dir='ltr'>propagaruntin</span> <span class='ocrx_word' id='word_1_211' title='bbox 1999 2642 2262 2717; x_wconf 87' lang='lat' dir='ltr'>liberos,</span> <span class='ocrx_word' id='word_1_212' title='bbox 2317 2632 2420 2708; x_wconf 90' lang='lat' dir='ltr'>sed</span> <span class='ocrx_word' id='word_1_213' title='bbox 2449 2635 2631 2708; x_wconf 88' lang='lat' dir='ltr'>liberi</span> <span class='ocrx_word' id='word_1_214' title='bbox 2646 2636 2749 2710; x_wconf 90' lang='lat' dir='ltr'>di-</span> 
     </span>
     <span class='ocr_line' id='line_1_26' title="bbox 342 2728 2747 2836; baseline 0.002 -33"><span class='ocrx_word' id='word_1_215' title='bbox 342 2728 640 2803; x_wconf 88' lang='lat' dir='ltr'>dicerunt</span> <span class='ocrx_word' id='word_1_216' title='bbox 655 2732 1107 2808; x_wconf 90' lang='lat' dir='ltr'>eodemmodo</span> <span class='ocrx_word' id='word_1_217' title='bbox 1121 2738 1409 2831; x_wconf 87' lang='lat' dir='ltr'>linguam</span> <span class='ocrx_word' id='word_1_218' title='bbox 1442 2739 1786 2810; x_wconf 77' lang='lat' dir='ltr'>Hebraeam</span> <span class='ocrx_word' id='word_1_219' title='bbox 1810 2741 1843 2807; x_wconf 68' lang='lat' dir='ltr'>a</span> <span class='ocrx_word' id='word_1_220' title='bbox 1878 2740 2271 2836; x_wconf 84' lang='lat' dir='ltr'>parentibus,</span> <span class='ocrx_word' id='word_1_221' title='bbox 2322 2734 2747 2832; x_wconf 79' lang='lat' dir='ltr'>quemadmo:</span> 
     </span>
     <span class='ocr_line' id='line_1_27' title="bbox 338 2827 2743 2935; baseline 0.002 -33"><span class='ocrx_word' id='word_1_222' title='bbox 338 2827 502 2902; x_wconf 89' lang='lat' dir='ltr'>dum</span> <span class='ocrx_word' id='word_1_223' title='bbox 534 2835 711 2925; x_wconf 88' lang='lat' dir='ltr'>pueri</span> <span class='ocrx_word' id='word_1_224' title='bbox 758 2834 1041 2929; x_wconf 83' lang='lat' dir='ltr'>linguam</span> <span class='ocrx_word' id='word_1_225' title='bbox 1082 2836 1398 2934; x_wconf 83' lang='lat' dir='ltr'>Belgicam</span> <span class='ocrx_word' id='word_1_226' title='bbox 1431 2837 1773 2934; x_wconf 81' lang='lat' dir='ltr'>Anglic&#39;am</span> <span class='ocrx_word' id='word_1_227' title='bbox 1818 2839 2088 2935; x_wconf 82' lang='lat' dir='ltr'>aliasque</span> <span class='ocrx_word' id='word_1_228' title='bbox 2116 2840 2354 2932; x_wconf 86' lang='lat' dir='ltr'>linguas</span> <span class='ocrx_word' id='word_1_229' title='bbox 2381 2832 2685 2929; x_wconf 89' lang='lat' dir='ltr'>quotidie</span> <span class='ocrx_word' id='word_1_230' title='bbox 2706 2838 2743 2908; x_wconf 66' lang='lat' dir='ltr'>a</span> 
     </span>
     <span class='ocr_line' id='line_1_28' title="bbox 332 2928 2449 3026; baseline 0.003 -27"><span class='ocrx_word' id='word_1_231' title='bbox 332 2928 695 3026; x_wconf 86' lang='lat' dir='ltr'>parentibus</span> <span class='ocrx_word' id='word_1_232' title='bbox 712 2929 837 3002; x_wconf 89' lang='lat' dir='ltr'>suis</span> <span class='ocrx_word' id='word_1_233' title='bbox 854 2929 1207 3005; x_wconf 87' lang='lat' dir='ltr'>addiscunt.</span> <span class='ocrx_word' id='word_1_234' title='bbox 1566 2941 1571 2946; x_wconf 82' lang='grc'>’</span> <span class='ocrx_word' id='word_1_235' title='bbox 2313 2953 2318 2958; x_wconf 82' lang='grc'>·</span> <span class='ocrx_word' id='word_1_236' title='bbox 2443 2951 2449 2957; x_wconf 80' lang='grc'><em>“</em></span> 
     </span>
    </p>

    <p class='ocr_par' dir='ltr' id='par_1_8' title="bbox 233 3027 2742 3422">
     <span class='ocr_line' id='line_1_29' title="bbox 432 3027 2738 3128; baseline 0.002 -30"><span class='ocrx_word' id='word_1_237' title='bbox 432 3032 559 3108; x_wconf 84' lang='lat' dir='ltr'>VI.</span> <span class='ocrx_word' id='word_1_238' title='bbox 604 3028 1191 3127; x_wconf 71' lang='lat' dir='ltr'>Secundbquaeritur.</span> <span class='ocrx_word' id='word_1_239' title='bbox 1221 3032 1287 3101; x_wconf 88' lang='lat' dir='ltr'>Si</span> <span class='ocrx_word' id='word_1_240' title='bbox 1306 3033 1519 3128; x_wconf 82' lang='lat' dir='ltr'>lingua</span> <span class='ocrx_word' id='word_1_241' title='bbox 1533 3033 1810 3104; x_wconf 81' lang='lat' dir='ltr'>Hebraea</span> <span class='ocrx_word' id='word_1_242' title='bbox 1826 3028 2081 3104; x_wconf 87' lang='lat' dir='ltr'>homini</span> <span class='ocrx_word' id='word_1_243' title='bbox 2117 3053 2253 3102; x_wconf 89' lang='lat' dir='ltr'>non</span> <span class='ocrx_word' id='word_1_244' title='bbox 2291 3027 2378 3125; x_wconf 80' lang='lat' dir='ltr'>est</span> <span class='ocrx_word' id='word_1_245' title='bbox 2409 3030 2738 3103; x_wconf 81' lang='lat' dir='ltr'>naturalis:</span> 
     </span>
     <span class='ocr_line' id='line_1_30' title="bbox 336 3123 2742 3227; baseline 0.002 -33"><span class='ocrx_word' id='word_1_246' title='bbox 336 3130 663 3212; x_wconf 79' lang='lat' dir='ltr'>Qaenam</span> <span class='ocrx_word' id='word_1_247' title='bbox 697 3129 1148 3225; x_wconf 86' lang='lat' dir='ltr'>igitur-lingua</span> <span class='ocrx_word' id='word_1_248' title='bbox 1176 3123 1431 3213; x_wconf 78' lang='lat' dir='ltr'>homini</span> <span class='ocrx_word' id='word_1_249' title='bbox 1458 3131 1551 3205; x_wconf 85' lang='lat' dir='ltr'>est</span> <span class='ocrx_word' id='word_1_250' title='bbox 1583 3132 1888 3204; x_wconf 82' lang='lat' dir='ltr'>naturalis</span> <span class='ocrx_word' id='word_1_251' title='bbox 1919 3159 1937 3201; x_wconf 72' lang='grc' dir='ltr'><em>ε</em></span> <span class='ocrx_word' id='word_1_252' title='bbox 1992 3155 2139 3202; x_wconf 89' lang='lat' dir='ltr'>nam</span> <span class='ocrx_word' id='word_1_253' title='bbox 2169 3131 2428 3223; x_wconf 85' lang='lat' dir='ltr'>loquela</span> <span class='ocrx_word' id='word_1_254' title='bbox 2461 3127 2552 3218; x_wconf 79' lang='lat' dir='ltr'>est</span> <span class='ocrx_word' id='word_1_255' title='bbox 2585 3153 2742 3227; x_wconf 90' lang='lat' dir='ltr'>pro-</span> 
     </span>
     <span class='ocr_line' id='line_1_31' title="bbox 333 3219 2674 3328; baseline 0.007 -39"><span class='ocrx_word' id='word_1_256' title='bbox 333 3223 567 3326; x_wconf 86' lang='lat' dir='ltr'>prietas</span> <span class='ocrx_word' id='word_1_257' title='bbox 581 3219 892 3306; x_wconf 80' lang='lat' dir='ltr'>hominis,</span> <span class='ocrx_word' id='word_1_258' title='bbox 946 3228 1472 3322; x_wconf 84' lang='lat' dir='ltr'>&amp;proprietasest</span> <span class='ocrx_word' id='word_1_259' title='bbox 1503 3231 1540 3299; x_wconf 69' lang='lat' dir='ltr'>a</span> <span class='ocrx_word' id='word_1_260' title='bbox 1574 3249 1793 3300; x_wconf 87' lang='lat' dir='ltr'>natura</span> <span class='ocrx_word' id='word_1_261' title='bbox 1809 3229 1842 3300; x_wconf 66' lang='grc' dir='ltr'>ζ’</span> <span class='ocrx_word' id='word_1_262' title='bbox 2663 3309 2674 3328; x_wconf 69' lang='lat'><em>,</em></span> 
     </span>
     <span class='ocr_line' id='line_1_32' title="bbox 233 3317 2738 3422; baseline 0.003 -31"><span class='ocrx_word' id='word_1_263' title='bbox 233 3393 242 3404; x_wconf 71' lang='lat'>‚</span> <span class='ocrx_word' id='word_1_264' title='bbox 428 3317 772 3414; x_wconf 77' lang='lat' dir='ltr'>Respondeo.</span> <span class='ocrx_word' id='word_1_265' title='bbox 827 3326 1020 3394; x_wconf 88' lang='lat' dir='ltr'>Nulla</span> <span class='ocrx_word' id='word_1_266' title='bbox 1035 3327 1251 3422; x_wconf 76' lang='lat' dir='ltr'>lingua</span> <span class='ocrx_word' id='word_1_267' title='bbox 1266 3324 1521 3399; x_wconf 86' lang='lat' dir='ltr'>homini</span> <span class='ocrx_word' id='word_1_268' title='bbox 1539 3326 1626 3398; x_wconf 86' lang='lat' dir='ltr'>est</span> <span class='ocrx_word' id='word_1_269' title='bbox 1639 3348 1788 3398; x_wconf 89' lang='lat' dir='ltr'>natu</span> <span class='ocrx_word' id='word_1_270' title='bbox 1796 3328 1952 3418; x_wconf 82' lang='lat' dir='ltr'>ralis.</span> <span class='ocrx_word' id='word_1_271' title='bbox 2049 3334 2349 3398; x_wconf 81' lang='lat' dir='ltr'>Praeterea</span> <span class='ocrx_word' id='word_1_272' title='bbox 2376 3324 2631 3418; x_wconf 82' lang='lat' dir='ltr'>loquela</span> <span class='ocrx_word' id='word_1_273' title='bbox 2646 3323 2738 3398; x_wconf 88' lang='lat' dir='ltr'>est</span> 
     </span>
    </p>

    <p class='ocr_par' dir='ltr' id='par_1_9' title="bbox 318 3413 2737 3719">
     <span class='ocr_line' id='line_1_33' title="bbox 324 3413 2736 3519; baseline 0.003 -32"><span class='ocrx_word' id='word_1_274' title='bbox 324 3415 596 3512; x_wconf 90' lang='lat' dir='ltr'>quidem</span> <span class='ocrx_word' id='word_1_275' title='bbox 616 3413 872 3491; x_wconf 87' lang='lat' dir='ltr'>homini</span> <span class='ocrx_word' id='word_1_276' title='bbox 886 3425 1170 3519; x_wconf 86' lang='lat' dir='ltr'>propria:</span> <span class='ocrx_word' id='word_1_277' title='bbox 1216 3423 1373 3496; x_wconf 76' lang='lat' dir='ltr'>&#39;inde</span> <span class='ocrx_word' id='word_1_278' title='bbox 1393 3446 1598 3497; x_wconf 85' lang='lat' dir='ltr'>tamen</span> <span class='ocrx_word' id='word_1_279' title='bbox 1617 3450 1752 3496; x_wconf 93' lang='lat' dir='ltr'>non</span> <span class='ocrx_word' id='word_1_280' title='bbox 1772 3425 2056 3519; x_wconf 88' lang='lat' dir='ltr'>sequitur</span> <span class='ocrx_word' id='word_1_281' title='bbox 2070 3475 2090 3506; x_wconf 88' lang='lat'>,</span> <span class='ocrx_word' id='word_1_282' title='bbox 2142 3419 2333 3519; x_wconf 90' lang='lat' dir='ltr'>quod</span> <span class='ocrx_word' id='word_1_283' title='bbox 2347 3423 2620 3493; x_wconf 83' lang='lat' dir='ltr'>Hebraea</span> <span class='ocrx_word' id='word_1_284' title='bbox 2637 3425 2736 3502; x_wconf 86' lang='lat' dir='ltr'>vel</span> 
     </span>
     <span class='ocr_line' id='line_1_34' title="bbox 318 3515 2737 3619; baseline 0.002 -34"><span class='ocrx_word' id='word_1_285' title='bbox 318 3517 427 3589; x_wconf 86' lang='lat' dir='ltr'>alia</span> <span class='ocrx_word' id='word_1_286' title='bbox 460 3537 623 3588; x_wconf 87' lang='lat' dir='ltr'>certa</span> <span class='ocrx_word' id='word_1_287' title='bbox 654 3515 954 3611; x_wconf 82' lang='lat' dir='ltr'>quaedam</span> <span class='ocrx_word' id='word_1_288' title='bbox 987 3523 1200 3618; x_wconf 86' lang='lat' dir='ltr'>lingua</span> <span class='ocrx_word' id='word_1_289' title='bbox 1219 3519 1476 3596; x_wconf 88' lang='lat' dir='ltr'>homini</span> <span class='ocrx_word' id='word_1_290' title='bbox 1495 3521 1572 3595; x_wconf 84' lang='lat' dir='ltr'>fit</span> <span class='ocrx_word' id='word_1_291' title='bbox 1590 3525 1812 3595; x_wconf 87' lang='lat' dir='ltr'>innata.</span> <span class='ocrx_word' id='word_1_292' title='bbox 1923 3523 2155 3594; x_wconf 88' lang='lat' dir='ltr'>Gravis</span> <span class='ocrx_word' id='word_1_293' title='bbox 2198 3523 2356 3592; x_wconf 87' lang='lat' dir='ltr'>olim</span> <span class='ocrx_word' id='word_1_294' title='bbox 2392 3519 2471 3593; x_wconf 90' lang='lat' dir='ltr'>de</span> <span class='ocrx_word' id='word_1_295' title='bbox 2506 3523 2737 3619; x_wconf 87' lang='lat' dir='ltr'>generis</span> 
     </span>
     <span class='ocr_line' id='line_1_35' title="bbox 318 3611 2735 3719; baseline 0.002 -33"><span class='ocrx_word' id='word_1_296' title='bbox 318 3611 636 3717; x_wconf 60' lang='lat' dir='ltr'>{retustate</span> <span class='ocrx_word' id='word_1_297' title='bbox 654 3622 1030 3714; x_wconf 59' lang='lat' dir='ltr'>&amp;q-uaenam</span> <span class='ocrx_word' id='word_1_298' title='bbox 1051 3623 1265 3718; x_wconf 85' lang='lat' dir='ltr'>lingua</span> <span class='ocrx_word' id='word_1_299' title='bbox 1286 3615 1793 3703; x_wconf 76' lang='lat' dir='ltr'>naturalisess&#39;et,</span> <span class='ocrx_word' id='word_1_300' title='bbox 1844 3621 2006 3693; x_wconf 88' lang='lat' dir='ltr'>inter</span> <span class='ocrx_word' id='word_1_301' title='bbox 2038 3622 2396 3718; x_wconf 87' lang='lat' dir='ltr'>AEgyptios</span> <span class='ocrx_word' id='word_1_302' title='bbox 2427 3627 2496 3694; x_wconf 84' lang='lat'>&amp;</span> <span class='ocrx_word' id='word_1_303' title='bbox 2526 3618 2735 3719; x_wconf 85' lang='lat' dir='ltr'>Phry-</span> 
     </span>
    </p>

    <p class='ocr_par' dir='ltr' id='par_1_10' title="bbox 348 3713 2737 3916">
     <span class='ocr_line' id='line_1_36' title="bbox 360 3713 2735 3818; baseline 0.001 -34"><span class='ocrx_word' id='word_1_304' title='bbox 360 3738 423 3784; x_wconf 88' lang='lat' dir='ltr'>es</span> <span class='ocrx_word' id='word_1_305' title='bbox 444 3713 1130 3789; x_wconf 79' lang='lat' dir='ltr'>nataestcontroverfia</span> <span class='ocrx_word' id='word_1_306' title='bbox 1143 3745 1165 3801; x_wconf 84' lang='lat'>3</span> <span class='ocrx_word' id='word_1_307' title='bbox 1222 3723 1342 3813; x_wconf 88' lang='lat' dir='ltr'>qui</span> <span class='ocrx_word' id='word_1_308' title='bbox 1361 3742 1435 3793; x_wconf 90' lang='lat' dir='ltr'>ut</span> <span class='ocrx_word' id='word_1_309' title='bbox 1453 3722 1538 3793; x_wconf 92' lang='lat' dir='ltr'>rei</span> <span class='ocrx_word' id='word_1_310' title='bbox 1555 3722 1893 3808; x_wconf 88' lang='lat' dir='ltr'>veritatem</span> <span class='ocrx_word' id='word_1_311' title='bbox 1926 3723 2397 3818; x_wconf 85' lang='lat' dir='ltr'>experirentur,</span> <span class='ocrx_word' id='word_1_312' title='bbox 2449 3718 2735 3802; x_wconf 84' lang='lat' dir='ltr'>duosin-</span> 
     </span>
     <span class='ocr_line' id='line_1_37' title="bbox 348 3813 2737 3916; baseline 0.001 -35"><span class='ocrx_word' id='word_1_313' title='bbox 348 3829 513 3892; x_wconf 71' lang='lat' dir='ltr'>antes</span> <span class='ocrx_word' id='word_1_314' title='bbox 530 3836 735 3885; x_wconf 88' lang='lat' dir='ltr'>recens</span> <span class='ocrx_word' id='word_1_315' title='bbox 756 3836 939 3892; x_wconf 89' lang='lat' dir='ltr'>natos</span> <span class='ocrx_word' id='word_1_316' title='bbox 968 3816 1209 3916; x_wconf 86' lang='lat' dir='ltr'>pastori</span> <span class='ocrx_word' id='word_1_317' title='bbox 1244 3823 1474 3915; x_wconf 80' lang='lat' dir='ltr'>proc&#39;ul</span> <span class='ocrx_word' id='word_1_318' title='bbox 1513 3819 1605 3902; x_wconf 22' lang='lat' dir='ltr'>ab*</span> <span class='ocrx_word' id='word_1_319' title='bbox 1633 3820 1815 3890; x_wconf 91' lang='lat' dir='ltr'>omni</span> <span class='ocrx_word' id='word_1_320' title='bbox 1851 3817 2196 3891; x_wconf 89' lang='lat' dir='ltr'>hominum</span> <span class='ocrx_word' id='word_1_321' title='bbox 2217 3816 2540 3889; x_wconf 85' lang='lat' dir='ltr'>consortio</span> <span class='ocrx_word' id='word_1_322' title='bbox 2572 3813 2737 3885; x_wconf 84' lang='lat' dir='ltr'>inter</span> 
     </span>
    </p>
   </div>
   <div class='ocr_carea' id='block_1_3' title="bbox 304 3905 2764 4116">
    <p class='ocr_par' dir='ltr' id='par_1_11' title="bbox 304 3905 2764 4116">
     <span class='ocr_line' id='line_1_38' title="bbox 304 3905 2764 4090; baseline 0.022 -113"><span class='ocrx_word' id='word_1_323' title='bbox 304 3930 545 4009; x_wconf 87' lang='lat' dir='ltr'>pecora</span> <span class='ocrx_word' id='word_1_324' title='bbox 559 3907 922 3989; x_wconf 82' lang='lat' dir='ltr'>educandos</span> <span class='ocrx_word' id='word_1_325' title='bbox 940 3912 1373 4019; x_wconf 71' lang='lat' dir='ltr'>tradiderunt‚‘</span> <span class='ocrx_word' id='word_1_326' title='bbox 1402 3925 1407 3930; x_wconf 72' lang='grc'>’</span> <span class='ocrx_word' id='word_1_327' title='bbox 1423 3915 1840 4090; x_wconf 55' lang='grc' dir='ltr'>Ρτοὴίἒῗῐθὸ</span> <span class='ocrx_word' id='word_1_328' title='bbox 1854 3944 1931 3992; x_wconf 78' lang='lat' dir='ltr'>ne</span> <span class='ocrx_word' id='word_1_329' title='bbox 1961 3919 2130 3992; x_wconf 69' lang='lat' dir='ltr'>ullus</span> <span class='ocrx_word' id='word_1_330' title='bbox 2160 3931 2376 3991; x_wconf 61' lang='lat' dir='ltr'>comm</span> <span class='ocrx_word' id='word_1_331' title='bbox 2387 3905 2764 4077; x_wconf 18' lang='lat' dir='ltr'>eis-volcssmn&#39;</span> 
     </span>
     <span class='ocr_line' id='line_1_39' title="bbox 414 4025 2742 4116; baseline 0.041 -132"><span class='ocrx_word' id='word_1_332' title='bbox 414 4055 419 4062; x_wconf 88' lang='lat'><strong>.</strong></span> <span class='ocrx_word' id='word_1_333' title='bbox 472 4067 479 4096; x_wconf 68' lang='lat'>,</span> <span class='ocrx_word' id='word_1_334' title='bbox 552 4053 575 4084; x_wconf 15' lang='grc' dir='ltr'>ὁ,</span> <span class='ocrx_word' id='word_1_335' title='bbox 1538 4055 1545 4061; x_wconf 21' lang='lat'><em>⁶</em></span> <span class='ocrx_word' id='word_1_336' title='bbox 1608 4111 1613 4116; x_wconf 12' lang='grc' dir='ltr'>ᾖ</span> <span class='ocrx_word' id='word_1_337' title='bbox 1783 4040 1813 4111; x_wconf 71' lang='lat'>3</span> <span class='ocrx_word' id='word_1_338' title='bbox 2541 4031 2589 4077; x_wconf 87' lang='lat' dir='ltr'>u</span> <span class='ocrx_word' id='word_1_339' title='bbox 2661 4025 2742 4077; x_wconf 83' lang='lat' dir='ltr'>m</span> 
     </span>
    </p>
   </div>
  </div>
 </body>
</html>
