3416 4576
682 323 836 409 104
1162 240 2658 387 DrssERTATiorx.

676 433 957 532 ‘quidem
970 442 1320 539 praecipue,
1372 443 1524 537 quia
1545 444 1608 513 S.
1630 444 1970 540 Scripturae
1985 459 2114 513 erat
2145 439 2388 538 peritus
2405 443 2473 511 δι
2497 436 2739 512 ἆοᾶιις
2768 432 3112 538 interpres?

692 539 861 611 illam
894 540 1066 612 enim
1126 541 1322 614 doste
1348 540 1667 615 enarrabat
1696 595 1717 623 ‚
1787 546 1852 611 &
1885 542 2135 637 populo
2182 543 2428 636 optime
2455 537 2822 638 explicabat.
2898 538 3114 614 Scriba

697 633 1009 733 fignificat
1037 644 1233 742 Legis
1297 644 1493 714 ritum
1525 692 1544 724 ,
1601 638 1730 711 five
1764 637 2297 735 Doctoremlegis
2325 660 2457 711 tam
2491 639 2560 711 in
2578 639 2796 711 Veteri
2825 640 3114 736 quamin

697 741 910 810 Novo
928 742 1022 811 T.
1041 744 1217 814 Matt
1269 767 1396 813 aeus
1413 743 1497 812 ait
1512 744 1675 835 Cap.
1692 764 1759 836 7.
1794 763 1839 810 v
1860 764 2004 832 .24.
2058 739 2325 832 Chraestns
2358 738 2596 812 dooebat
2612 768 2743 824 eos,
2795 762 2872 810 ut
2900 737 3120 812 habens

691 843 1113 913 austeritatem
1129 888 1149 918 ,
1178 870 1295 911 non
1309 863 1515 909 autem
1530 861 1600 908 ut
1615 837 1844 911 Scribae.
1896 836 2114 941 Judaei
2130 835 2390 910 Esdram
2407 862 2561 908 cum
2579 831 2908 937 Propheta
2925 837 3122 910 Mose

691 939 943 1008 ratione
959 934 1272 1007 dostrinae
1289 945 1354 1008 &
1372 934 1701 1035 dignitatis
1718 960 2085 1035 comparant
2104 988 2123 1020 ‚
2175 943 2240 1009 &
2261 936 2546 1008 statuunt
2559 956 2786 1034 praeter
2799 959 2956 1010 eum
2980 937 3127 1009 nul-’-

543 1066 553 1076 ³
691 1036 833 1106 lum
851 1029 1363 1130 fuissedignum,
1413 1033 1995 1109 cuilextraderetur
2030 1090 2052 1122 ‚
2105 1034 2152 1106 fi
2198 1036 2417 1107 Moses
2448 1059 2587 1108 non
2621 1032 2855 1108 fuisset.
2966 1039 3126 1108 Hoc

694 1134 1070 1203 Concilium
1119 1157 1468 1230 permagnae
1511 1130 1641 1203 fuit
1676 1137 2119 1219 aucioritatis3
2190 1131 2351 1205 adeo
2403 1153 2480 1204 ut
2527 1157 2709 1231 penes
2754 1132 2896 1206 hoc
2927 1133 3129 1208 fuerit

695 1232 909 1301 omnis
943 1231 1214 1327 potestas
1239 1227 1649 1305 ecclesiastica.
1752 1237 1911 1306 Hoc
1940 1233 2319 1305 Concilium
2353 1227 2480 1302 fuit
2493 1229 3130 1318 extraordinarium,

686 1325 978 1423 ideoque
994 1354 1129 1420 non
1151 1329 1265 1403 diu
1284 1329 1575 1406 duravit:
1631 1334 1899 1404 ultimus
1932 1330 2173 1405 dicitur
2203 1324 2385 1404 fuisse
2400 1333 2659 1403 Simeon
2690 1326 2904 1419 justus
2924 1379 2948 1412 ‚
3001 1336 3133 1429 qui

689 1425 1060 1500 Alexandro
1077 1428 1468 1510 Macedoni,
1527 1430 2052 1531 Hierosolymam
2070 1427 2303 1502 vastare
2317 1432 2558 1503 volenti
2578 1479 2599 1511 ,
2628 1427 2898 1520 obviam
2916 1431 3136 1503 Sacer-

689 1522 893 1598 dotali
914 1531 1073 1624 toga
1100 1529 1362 1603 indutus
1390 1531 1511 1602 ivit
1527 1578 1551 1611 ‚
1596 1530 1975 1626 eumquead
2003 1532 2392 1602 clementiam
2411 1552 2556 1626 erga
2575 1525 2840 1600 Urbem
2876 1532 3127 1603 movit.

694 1625 1085 1699 Buxtorfius
1114 1633 1181 1701 in
1230 1626 1758 1727 Tiberiade-cap.
1787 1657 1851 1703 x.
1881 1631 2108 1702 multis
2157 1627 2645 1701 auctoritatibus
2687 1627 3128 1719 antiquorum

694 1723 1164 1800 Rabbinorum
1198 1734 1263 1799 &
1315 1726 1509 1825 ipfius
1553 1727 1893 1801 Talmudis
1952 1725 2182 1826 probat
2226 1729 2555 1801 veritatem
2596 1726 2732 1797 talis
2775 1730 3130 1808 convocati

698 1824 1150 1923 Conciliipost
1163 1827 1600 1900 liberationem
1631 1849 1713 1896 ex
1745 1829 2104 1924 captivitate
2136 1825 2271 1897 Bab
2322 1829 2533 1904 Ionica
2562 1855 2581 1899 ε
2631 1833 2954 1923 ex.gr.1n
2973 1828 3128 1899 Tal-

688 1920 893 1996 mude
914 1922 1173 1996 Hieros.
1228 1929 1430 1998 Tra&
1467 1927 1735 2022 Megilla
1766 1930 1922 2026 Cap.
1964 1952 2018 2022 3.
2051 1929 2214 1999 circa
2334 1951 2437 1999 em
2472 1924 2559 1997 sic
2593 1923 2941 1998 scribitur:
2991 1935 3120 2040 ἰν)

691 1998 1010 2104 nami&
1052 2009 1404 2108 fabrum
1470 2035 1596 2114 nn
1658 2031 1908 2107 nunu
1960 2001 2305 2112 rabi-un
2358 2035 2568 2108 nm:
2618 2034 2829 2106 *wan
2873 2034 3135 2120 now

689 2120 960 2216 Quando
974 2123 1443 2215 exstarrexerunt
1457 2127 1593 2216 Viri
1603 2130 1911 2229 Synaegogae
1922 2151 2178 2229 magna,
2230 2129 2318 2196 illi
2330 2126 2713 2219 restituerunt
2743 2126 3134 2228 magnificen-

693 2226 887 2298 tiam,
928 2213 997 2290 h.
1014 2244 1069 2293 e.
1090 2226 1431 2295 Coronam
1451 2224 1671 2319 Legis,
1696 2226 2087 2321 inprtstinnm
2122 2226 2367 2306 aarum.
2399 2220 2587 2298 Idem
2615 2218 3135 2296 confirmaturin

691 2316 1006 2390 Traeiatu
1056 2329 1254 2405 nnn
1307 2329 1493 2432 ῬἾῶ
1524 2322 1719 2409 *Pirke
1748 2324 2002 2398 Abhoth
2038 2329 2204 2422 Cap.
2233 2351 2291 2397 1.
2320 2330 2526 2422 Moses
2551 2330 2766 2422 accepit
2795 2332 3037 2424 Legem
3063 2323 3134 2396 de

690 2440 893 2489 monte
903 2424 1075 2490 Sinai
1088 2468 1109 2500 ,
1147 2428 1222 2508 ὠ
1237 2422 1492 2493 tradidit
1510 2450 1647 2495 eam
1660 2421 1892 2518 Jqfuae‚
1923 2424 2131 2525 Jos’ua
2161 2426 2496 2499 Senioribus
2516 2475 2537 2507 ‚
2586 2430 2859 2497 Seniores
2870 2424 3127 2527 Prqohe-

688 2526 769 2590 tis
796 2565 817 2601 ,
868 2520 1171 2686 Prqpheffi
1185 2521 1567 2597 tradiderunt
1598 2549 1734 2595 eam
1783 2498 2123 2610 fflbwan
2179 2536 2390 2607 nm)
2441 2496 2678 2606 'wij
2729 2524 2957 2596 Vnus
3009 2527 3126 2595 sv-

696 2639 1037 2686 nacor-‚AE
1177 2644 1428 2690 AGNAE.

793 2716 964 2784 XVI
1015 2719 1249 2787 Praeter
1292 2712 1423 2788 hoc
1457 2722 1837 2791 Concilium
1867 2713 2432 2789 extraordinarium
2465 2706 2732 2784 fuerunt
2759 2710 2977 2786 adhuc
3007 2719 3131 2788 tria

696 2812 807 2885 alia
841 2807 1169 2927 ‘ordinaria
1216 2816 1382 2888 inter
1419 2815 1695 2921 Judaeos
1747 2818 2041 2888 Concilia
2072 2866 2094 2900 ,
2161 2812 2288 2886 scil.
2336 2815 2694 2913 maximum
2729 2864 2751 2900 ‚
2815 2811 3025 2907 majus
3056 2820 3126 2887 δι

691 2935 1067 2983 minimum.
1092 2938 1099 2944 ·
1757 2940 1774 2945 *⁷

792 3013 1026 3084 XVII.
1079 3015 1362 3085 Pn'mum
1381 3020 1447 3087 ὃ(
1464 3020 1816 3091 maximum
1838 3011 2207 3108 Collegium
2226 3064 2247 3097 ‚
2281 3013 2317 3084 ὲ
2338 3008 2709 3100 Mosejuffu
2724 3014 2859 3087 Dei
2874 3024 3123 3089 Nume-

690 3135 903 3183 rorum
922 3112 1085 3208 Cap.
1110 3136 1136 3181 1
1156 3136 1213 3183 1.
1235 3124 1300 3191 Ῡ.
1332 3124 1434 3186 16.
1453 3115 1862 3198 institutum,
1914 3112 2276 3192 constabat,
2331 3135 2561 3210 praeter
2574 3111 2970 3197 Praefidem,⁸
2999 3114 3122 3185 Vi·

692 3210 777 3279 ris
806 3207 1216 3307 septuaginta.
1268 3215 1427 3285 Hoc
1445 3219 1820 3315 Collegium
1856 3231 2108 3289 tantum
2122 3213 2600 3313 Hierosolymae
2630 3233 2758 3288 erat
2773 3235 3120 3313 congrega·

689 3324 836 3377 tum
859 3357 877 3388 ‚
928 3310 1366 3383 &vocabatur
1397 3315 1581 3388 unica
1624 3341 1789 3389 voce
1821 3309 2037 3395 VTER?
2079 3314 2434 3386 Sanhedrin.
2536 3311 2871 3388 Peneshoc
2901 3313 3121 3386 Colle·

690 3404 1256 3502 giumfuitomnis
1271 3410 1537 3508 potestas
1551 3411 2029 3487 ecclesiastica&
2060 3416 2291 3485 civilis.
2392 3410 2505 3486 Ad
2533 3413 2706 3488 aliud
2743 3414 3115 3510 Collegium

688 3529 826 3580 non
843 3502 1109 3578 dabatur
1124 3515 1545 3607 provocatio,
1596 3511 1783 3586 sedin
1801 3509 1933 3583 hoc
1968 3510 2193 3601 judicii
2225 3516 2534 3585 terminus
2565 3533 2721 3586 erat.
2820 3522 3119 3586 Praeterea

683 3600 822 3677 hoc
843 3603 1011 3678 idem
1031 3611 1404 3707 Collegium
1423 3617 1719 3708 Reges&
1756 3609 2445 3711 Magiffiatuseligebat
2461 3665 2480 3692 ‚
2535 3611 2616 3685 de
2648 3614 2815 3708 bello
2831 3607 3116 3710 gerendo

670 3706 791 3776 'vel
819 3701 896 3777 de
924 3708 1349 3803 paceineunda
1364 3708 1745 3784 deliberabat
1765 3762 1785 3796 ,
1835 3719 1902 3784 δε
1933 3713 2186 3785 nullum
2217 3733 2446 3813 praeter
2473 3720 2703 3788 Deum
2735 3719 2799 3784 &
2827 3705 3118 3809 gladium

682 3803 1068 3903 ‘superiorem
1089 3810 1483 3902 agnoscebat.
2357 3870 2364 3877 2
2596 3870 2604 3878 ,
2681 3900 2691 3907 ι

790 3909 1051 3979 XVIII.
1100 3910 1446 3979 Secundum
1477 3907 1868 3982 ordinarium
1888 3911 2261 4084 Collegium
2290 3908 2620 3986 constabat
2650 3911 2880 4009 viginti
2910 3909 3117 3982 tribus

2065 4039 2086 4085 1

692 4004 904 4090 'Viris3
962 4025 1220 4104 eratque
1234 4010 1303 4081 in
1319 4009 1628 4084 omnibus
1645 4009 1806 4084 locis
1837 4017 1903 4083 ὃ(
1940 4010 2061 4085 urb
2137 4039 2248 4102 us,
2298 4018 2366 4089 in
2387 4010 2629 4111 quibus
2661 4008 3118 4122 ςέητιιωδινίζ

812 4122 817 4125 .
2954 4123 3118 4208 glun
