3416 4576
658 278 819 367 ιη
1031 253 1110 347 D
1170 261 1206 341 1
1261 228 1541 341 s·s'-1·:
1596 258 1666 340 R
1721 214 1930 340 ΤΑ
1980 252 2057 338 T
2112 253 2156 334 t
2206 222 2284 335 ό
2391 242 2699 332 xvm.

680 435 967 507 quaerere
998 437 1107 510 per
1128 411 1185 483 se
1214 434 1349 481 non
1382 409 1470 482 est
1500 413 1793 485 illicitum
1828 458 1849 493 ‚
1900 405 2004 479 sed
2037 407 2226 479 rebus
2253 404 2521 503 publicis
2535 402 2809 495 maxime
2840 403 3107 481 necess‘aJ

678 517 871 586 rium.
933 518 1102 584 Nam
1119 561 1141 589 ‚
1193 514 1291 582 uti
1308 518 1498 582 etiam
1515 510 1601 583 est
1617 512 1911 583 sententia
1926 512 2096 581 DD.
2118 505 2456 579 Ordinum
2476 500 2704 573 harum
2724 504 3092 603 Unitarum

679 615 1189 692 Provinciarum‚
1208 615 1532 683 Concordia
1550 639 1639 682 res
1648 633 1848 707 parvae
1858 610 2151 703 cresium,
2167 605 2482 707 Distprdiae
2511 614 2790 676 maxim
2818 606 3100 683 dilabun-

685 735 808 783 tur.
835 716 1010 783 Licet
1029 715 1223 809 igitur
1239 733 1516 803 quaerere
1527 713 1762 780 aretam
1778 711 2114 789 unionem,
2130 703 2177 777 fi
2195 702 2405 777 mod&
2422 702 2557 773 talis
2572 704 2733 773 unio
2750 726 2889 775 non
2912 731 3103 807 repu-

686 826 836 908 gnet
855 813 1174 881 voluntati
1194 817 1259 879 &
1279 807 1675 880 ordinationi
1691 810 1980 882 Divinae.
2014 808 2115 877 Illi
2133 803 2502 899 quaerebant
2517 803 2834 874 unionem
2846 810 3104 895 ard-am,

686 933 766 980 ne
780 907 1276 1006 dispergerent-ur
1293 930 1404 1003 per
1431 927 1664 978 terram
1683 957 1704 991 ‚
1751 904 1854 978 sed
1889 910 2072 977 Deus
2100 904 2354 976 volebat
2381 924 2493 973 eos
2521 896 2793 1000 dispergi
2831 926 2945 1000 per
2975 926 3100 982 ter.

688 1034 861 1088 ram,
910 1030 1149 1099 eosque
1163 1004 1419 1077 eandem
1440 1008 1741 1104 implere:
1793 1030 1937 1078 nam
1953 1003 2188 1075 Genes.
2230 1028 2285 1074 1.
2309 1002 2416 1073 28.
2452 997 2694 1071 dicitur
2730 1031 2748 1072 :
2804 1008 3100 1101 Crescite,

682 1111 1190 1201 multiplicamini,
1210 1116 1285 1188 ώ-
1302 1109 1509 1203 replete
1520 1130 1765 1177 terram.
1820 1107 2001 1178 Huic
2021 1103 2339 1173 voluntati
2369 1098 2632 1171 Divinae
2664 1099 3057 1179 restiterunt.

787 1210 1052 1277 XVIII.
1104 1206 1593 1277 Hallucinantur
1609 1206 1810 1302 igitur
1826 1203 2012 1276 Aben
2027 1201 2176 1274 Esra
2193 1251 2212 1285 ‚
2243 1197 2555 1271 Tostatus
2577 1199 2813 1295 aliique
2830 1249 2852 1284 ,
2868 1208 2990 1298 qui
3006 1232 3097 1278 ar·

545 1295 550 1299 ’
684 1301 997 1377 ἀιίῑοᾶος
1013 1300 1204 1393 hujus
1219 1305 1411 1373 turris
1427 1305 1461 1374 ὲ
1478 1305 1741 1375 crimine
1756 1306 1941 1375 omni
1956 1302 2219 1373 liberant
2233 1350 2255 1384 ,
2303 1301 2555 1392 quique
2566 1294 2862 1374 statuunt
2874 1308 3097 1379 Deum

693 1421 961 1501 propter
993 1406 1231 1473 nullam
1278 1405 1455 1474 aliam
1489 1402 1724 1475 caussm
1781 1400 1899 1474 nisi
1935 1420 2194 1501 propter
2240 1398 2693 1497 beneplacitum
2744 1400 2933 1475 suum
2981 1408 3099 1476 lin.

670 1524 848 1598 *guas
863 1497 1221 1573 confiidisse
1238 1551 1261 1585 ‚
1315 1500 1714 1599 &populum
1729 1495 2085 1599 dispersisse.
2137 1495 2261 1569 Sed
2280 1515 2697 1597 praeterquam
2718 1547 2739 1581 ‚
2773 1501 3094 1598 quodiam

693 1620 940 1701 peccata
972 1625 1204 1672 eorum
1231 1596 1733 1674 architefiorum
1777 1598 2415 1674 demonstraverimus
2442 1646 2465 1679 ,
2514 1592 2727 1668 endem
2757 1599 2969 1677 adhuc
2994 1624 3093 1700 ap.

698 1720 917 1799 parent
933 1722 1010 1772 ex
1029 1702 1235 1796 poenis
1253 1696 1668 1794 singularibus
1690 1750 1711 1783 ,
1749 1701 1989 1797 quibus
2002 1703 2185 1772 Deus
2199 1694 2575 1769 architestos
2590 1699 2784 1769 turris
2799 1702 2971 1774 illius
2981 1724 3092 1798 pu-

696 1802 884 1872 nivit.
987 1804 1102 1869 Eae
1117 1822 1327 1897 poenae
1342 1804 1552 1893 Gens:
1573 1818 1659 1872 11.
1677 1796 1987 1872 dicuntur
2001 1790 2118 1869 effe
2133 1792 2281 1871 duae
2306 1845 2332 1882 ,
2381 1795 2505 1867 scil.
2527 1792 2830 1870 confusio
2859 1802 3104 1899 lingua-

697 1923 846 1969 rum
869 1905 936 1967 δε
951 1893 1251 1992 disperlio
1269 1899 1691 1993 populorum.

800 2000 987 2065 XIX.
1042 1996 1309 2088 Confusio
1344 1997 1703 2091 linguarum
1733 1993 1862 2066 fuit
1891 1996 2094 2093 prima
2124 2019 2338 2092 poena.
2441 1999 2620 2066 Ante
2646 1994 2804 2067 illam
2837 2000 3018 2070 enim
3054 1998 3111 2071 se

700 2112 944 2165 mutuo
981 2093 1412 2189 intelligebant
1449 2123 1466 2164 z
1521 2092 1620 2164 sed
1649 2113 1917 2191 propter
1963 2093 2410 2167 confusionem
2451 2092 2631 2165 instat
2661 2112 3006 2169 mutorum
3034 2122 3109 2171 e-

701 2210 842 2279 ran-t
861 2244 881 2276 ‚
934 2216 1066 2263 non
1089 2211 1381 2291 potentes
1396 2213 1746 2292 conceptus
1766 2192 1912 2265 suos
1946 2192 2066 2266 fibi
2094 2193 2334 2266 mutub
2365 2195 2652 2265 revelare.

628 2316 633 2321 ·
799 2298 950 2366 XX.
1002 2291 1433 2392 Regeretforte
1467 2297 1689 2388 aliquis
1723 2325 1741 2366 ι
1795 2297 2055 2366 Creatio
2087 2296 2395 2367 variarum
2431 2295 2785 2393 linguarum
2815 2294 2886 2366 in
2925 2298 3116 2393 Apos

701 2389 880 2464 stolis
907 2412 1034 2463 erat
1062 2394 1389 2489 egregium
1419 2386 1671 2467 donum
1706 2445 1727 2477 ‚
1779 2395 1846 2465 &
1876 2393 2122 2493 speciale
2154 2391 2534 2466 beneficium
2578 2393 3108 2490 Spiritus-sanffiz

698 2515 862 2589 ergo
881 2493 943 2562 in
960 2490 1310 2564 architestis
1326 2495 1516 2563 turris
1532 2494 1945 2586 Babylonicae
1961 2518 2094 2567 non
2112 2489 2366 2565 videtur
2380 2486 2559 2563 fuisse
2574 2515 2783 2591 poena.

800 2593 1147 2682 Respondev.
1203 2593 1444 2684 Magna
1457 2590 1544 2660 est
1562 2589 1913 2663 differentia
1931 2596 2094 2663 inter
2108 2588 2552 2663 confusionem
2582 2592 2952 2688 linguarum
2986 2598 3114 2666 Ba-

706 2687 1078 2783 bylonicam
1093 2737 1111 2763 ‚
1170 2690 1236 2754 δι
1255 2687 1419 2754 inter
1433 2683 1687 2757 donum
1703 2684 2078 2763 diversamm
2098 2693 2458 2787 linguarum
2475 2693 2541 2762 in
2564 2689 2896 2788 Apostolis
2918 2717 2939 2763 ε
2958 2711 3109 2763 nam

714 2807 742 2851 1
758 2832 775 2851 .
796 2788 871 2852 In
891 2778 1151 2878 singulis
1170 2780 1497 2876 Apostolis
1511 2787 1696 2855 variae
1716 2785 2234 2882 producebantur
2248 2790 2486 2883 linguae
2506 2838 2527 2872 ‚
2577 2791 2816 2884 quibus
2828 2786 3111 2861 median-

709 2881 888 2954 tibus
903 2882 1234 2975 utrimque
1249 2902 1595 2979 conceptus
1615 2882 1764 2956 suos
1799 2887 2226 2982 exprimebant
2245 2914 2266 2970 3
2321 2885 2421 2959 sed
2458 2890 2524 2960 in
2560 2887 2824 2986 fingulis
2850 2886 3111 2962 archite-

710 2982 829 3053 &is
844 2997 1098 3049 tantum
1118 2998 1242 3049 erat
1258 2981 1706 3079 unicalingua,
1768 2983 2117 3077 &quidem
2136 2983 2400 3067 diversa,
2441 2988 2534 3059 o'b
2548 3011 2747 3085 quam
2760 2986 3118 3086 linguaediff

712 3076 1057 3150 verfitatem
1075 3080 1228 3148 alter
1241 3080 1505 3150 alterum
1541 3106 1674 3152 non
1707 3083 2111 3178 intelligebat.

674 3184 680 3210 ⁵
812 3197 874 3248 2.
929 3184 1006 3249 In
1031 3175 1502 3275 Apostoliserat
1519 3179 1939 3254 beneficium:
1994 3186 2143 3276 quia
2161 3207 2268 3282 per
2302 3181 2432 3256 hoc
2462 3180 2718 3257 donum
2747 3185 3115 3281 linguarum

708 3271 917 3347 amissa
954 3280 1153 3348 unitas
1186 3279 1572 3375 primigeniae
1603 3280 1840 3377 linguae
1859 3279 2360 3378 quodammodo
2391 3285 2457 3355 in
2493 3283 2611 3354 illis
2646 3281 3112 3359 restituebatur.

712 3377 884 3447 Nam
923 3402 1066 3470 quo
1096 3379 1240 3468 quis
1272 3379 1556 3474 plurium
1589 3400 1937 3478 conceptus
1969 3381 2262 3478 intelligit
2290 3431 2311 3465 ‚
2359 3408 2438 3454 eo
2473 3382 2672 3478 magis
2697 3381 2773 3454 ad
2811 3384 3117 3456 unitatem

708 3475 944 3572 linguae
979 3478 1199 3573 primae
1225 3474 1463 3547 accedit
1492 3525 1512 3558 ,
1567 3499 1674 3574 per
1701 3503 1900 3574 quam
1928 3499 2070 3551 ante
2100 3477 2546 3554 confusionem
2578 3500 2928 3580 conceptus
2958 3485 3114 3554 alio-

699 3573 1256 3672 ·rumintelligebat
1292 3603 1308 3645 z
1364 3571 1465 3646 sed
1496 3575 1532 3646 ὲ
1559 3596 1782 3648 contra
1817 3581 1880 3651 in
1899 3576 2249 3652 architestis
2275 3576 3110 3680 perconfiisibnemlingua-
3187 3653 3190 3654 γ

710 3695 859 3742 rum
895 3673 1502 3768 unitasilla‘linguae‚
1555 3680 1920 3772 &potentia
1936 3675 2389 3750 aliisrevelandi
2425 3696 2779 3778 conceptus
2803 3680 2965 3752 'suos
2980 3677 3109 3752 filit

704 3768 1057 3854 diminuta,
1109 3770 1314 3843 &stre
1330 3768 1676 3846 annihilata.
2843 3799 2850 3804 ·

807 3877 996 3944 XXI.
1046 3874 1259 3942 Altera
1290 3894 1475 3966 poena
1492 3869 1818 3969 singularis
1835 3922 1856 3956 ‚
1906 3897 2055 3966 quae
2075 3859 2554 3953 aedificationem
2570 3874 3103 3955 nurisatconflxa

704 3963 953 4044 {ionem
967 3971 1327 4069 linguarum
1343 3971 1605 4067 sequuta
1620 3969 1749 4059 est,
1796 3970 1924 4044 filit
1949 3974 2203 4074 dispersio
2231 3980 2652 4078 populorum.
2887 4071 3070 4153 XXII
