3416 4576
880 167 1016 242 DE
1064 159 1490 260 ’mmmm
1544 162 2047 239 DIVISIONE
2096 168 2192 243 N.
2217 170 2304 241 T.
2448 210 2456 221 ·
2786 192 2862 285 ,ς

358 316 411 381 1.
445 304 774 400 efficacis
843 299 850 307 ·
1269 302 1302 364 1
1318 301 1363 367 ι
1406 298 1679 392 Epistola
1718 324 1815 366 ιι.
2499 302 2639 375 111.
2720 315 2863 380 pn.
2953 281 2973 301 ‘

441 446 462 453 ..
2558 395 2848 463 beticus.-

479 534 486 545 ,
1086 492 1134 536 1.
1157 468 1231 535 ad
1245 470 1577 535 Romanos.
1834 492 1883 536 ι.
1917 466 1992 533 ad
2013 469 2254 540 Titum.
2507 412 2558 483 p
2811 477 2829 497 ⁶

355 563 703 630 Matthaeus.
773 600 779 605 -
1073 576 1124 619 ι.
1150 579 1202 621 2.
1228 555 1302 618 ad
1321 555 1703 621 Corinthios.
1815 580 1868 621 ι.
1897 551 1972 616 ad
1995 554 2337 620 Philemon.

355 652 617 714 Marcus.
1075 662 1128 702 1.
1155 637 1228 702 ad
1250 638 1510 705 Galatas,
1559 664 1565 670 “
1826 662 1878 703 1.
1907 635 1980 700 ad
2001 640 2320 708 Hebraeos.
2450 656 2455 661 ·
2814 636 2885 665 ““

355 737 576 798 Lucas.
1078 746 1125 788 t.
1150 722 1222 785 ad
1244 723 1550 806 Ephelios.
1836 744 1883 786 i.
1910 727 2135 803 jacobi.
2533 728 2846 816 Apocalys
2922 794 2927 799 .

359 818 704 903 johannes,
1079 829 1124 871 1.
1143 805 1216 870 ad
1235 808 1670 890 Philippenses.
1834 829 1887 869 1.
1918 831 1970 866 ι..
1994 808 2174 872 Petri.
2623 820 2758 901 pfis.

359 901 533 974 Asta.
1065 900 1126 957 ’1.
1147 889 1222 955 ad
1240 891 1474 956 Coloss‘.
1613 950 1616 953 .
1829 913 1879 956 ι.
1907 913 1958 951 2.
1989 914 2042 971 3.
2073 893 2395 974 johannin-

1070 997 1121 1040 ι.
1156 1000 1213 1039 2.
1236 975 1309 1040 ad
1329 974 1589 1040 Thessal.
1830 996 1879 1040 ι.
1902 974 2103 1057 Judae.

1059 1082 1109 1125 ι.
1147 1088 1195 1125 2.
1225 1060 1297 1125 ad
1321 1061 1747 1123 Timotheum.

455 1182 551 1251 V.
601 1166 866 1246 Secundo
886 1174 1189 1265 quaritur.
1244 1174 1353 1242 An
1375 1191 1605 1238 omnes
1624 1165 1805 1265 supra
1827 1163 2003 1237 citati
2039 1165 2178 1240 libri
2199 1170 2382 1244 Novi
2409 1175 2501 1249 Τ.
2520 1170 2624 1274 qui
2647 1174 2713 1249 in
2735 1171 2851 1249 hac

356 1272 589 1373 triplici
611 1269 910 1343 divisione
927 1267 1352 1350 continentur,
1378 1263 1628 1364 semper
1647 1291 1769 1366 pro
1789 1262 1960 1337 libris
1979 1267 2322 1340 Canonicis
2345 1269 2425 1341 ab
2439 1271 2720 1346 Ecclefia
2737 1301 2851 1346 an-

316 1373 321 1378 ’
358 1374 527 1472 tiqua
556 1367 802 1443 fuerunt
821 1365 1104 1464 recepti?
1855 1428 1867 1440 .
2310 1426 2313 1427 ν

450 1470 792 1567 Respondeo.
858 1464 1148 1564 Antiqua·
1159 1461 1438 1534 Ecclesia
1460 1460 1620 1533 olim
1663 1460 1965 1534 dubitavit
2007 1482 2123 1562 pro
2145 1484 2277 1536 tem
2370 1491 2437 1540 re
2451 1515 2472 1550 ‚
2514 1494 2593 1539 an
2614 1468 2692 1540 ad
2721 1472 2851 1541 Ca·-

350 1592 595 1642 nonem
613 1566 802 1639 Novi
823 1567 917 1640 T.
942 1563 1352 1660 pertinerent,
1377 1560 1457 1632 de
1476 1558 1571 1631 his
1590 1559 1814 1632 decem
1833 1556 2220 1660 sequentibus
2242 1566 2286 1633 li
2330 1566 2437 1654 ris3
2461 1566 2750 1638 videlicet
2784 1591 2842 1643 1.

354 1670 471 1740 De
489 1665 721 1737 ultimo
744 1661 950 1761 capite
990 1664 1189 1732 Marci
1231 1659 1268 1730 ὲ
1306 1657 1477 1731 versu
1496 1685 1564 1752 9.
1602 1655 1681 1728 fic
1718 1659 2060 1757 incipiente
2077 1708 2099 1742 ,
2147 1676 2405 1755 Surgens
2439 1680 2644 1737 autem
2665 1665 2845 1765 Jesuc

356 1758 537 1837 mane
569 1766 771 1857 prima
819 1762 1105 1833 sabbathi
1129 1766 1257 1832 &c.
1299 1752 1484 1868 usque
1517 1756 1593 1828 ad
1616 1755 1819 1829 finem
1837 1754 2109 1852 ejusdem
2141 1760 2379 1858 capitis.
2433 1762 2532 1833 Sic
2556 1762 2853 1835 testantur

359 1862 788 1959 Hieronymus
810 1856 1023 1958 quaest.
1049 1881 1107 1949 3.
1133 1855 1210 1926 ad
1228 1855 1570 1927 Hedibiarn
1588 1900 1610 1934 ‚
1652 1862 1723 1928 &
1761 1855 2128 1957 Euthymius
2151 1858 2216 1927 in
2240 1860 2659 1957 explicatione
2677 1858 2851 1953 hujus

358 1958 598 2056 capitis,
651 1962 794 2052 Qae
803 1982 850 2027 r.
901 1960 1116 2052 Qare
1152 1953 1429 2025 Ecclesia
1466 1953 1719 2053 antiqua
1753 1953 2056 2028 dubitavit
2093 1955 2173 2027 de
2209 1954 2303 2026 his
2332 1955 2592 2030 versibus
2616 1963 2643 2027 ἓ
2684 1964 2850 2055 Resp-

362 2056 534 2155 (ζώει
557 2052 877 2127 videbatur
898 2051 1321 2123 contradiffio
1342 2050 1462 2123 esse
1499 2053 1661 2123 inter
1684 2053 1870 2125 verba
1891 2054 2177 2126 Matthaei
2197 2101 2218 2133 ,
2257 2053 2520 2127 dicentis
2547 2054 2848 2152 christum

350 2160 583 2253 vespere
609 2156 893 2225 sabbathi
915 2153 1326 2248 resurrextffl⁹3
1360 2148 1428 2223 δ’(
1447 2149 1610 2220 inter
1637 2150 1823 2223 verba·
1840 2153 2079 2233 Marci,
2120 2149 2442 2222 scribentis
2486 2158 2702 2254 Jesum
2724 2147 2847 2226 uni

355 2254 640 2326 sabbathi
663 2243 835 2323 mane
855 2250 1191 2346 fitrrexiffe.
1241 2251 1430 2320 Hanc
1473 2248 2491 2346 apparentemcontradiffionem
2532 2252 2616 2322 ita
2650 2249 2854 2321 solvit

354 2350 810 2447 HieronymuS‚
832 2342 1266 2445 respondendo
1286 2395 1307 2427 ,
1331 2347 1501 2448 quod
1523 2347 1859 2419 Matthaeus
1882 2348 2045 2420 dicat
2064 2396 2086 2430 ‚
2120 2350 2355 2443 quando
2379 2355 2664 2421 Dominus
2700 2351 2846 2446 sur-

354 2454 609 2529 rexerit,
628 2457 696 2521 &
721 2451 968 2519 Marcus
994 2448 1225 2539 quando
1249 2460 1397 2519 Eum
1420 2449 1642 2518 viderit
1663 2450 2054 2542 Magdalena.
2676 2471 2693 2490 ·

464 2572 521 2623 2.
578 2544 900 2620 Nonnulli
919 2569 997 2614 ex
1014 2541 1344 2616 Veteribus
1363 2544 1712 2616 dubitarunt
1731 2593 1751 2626 ‚
1775 2572 1852 2615 an
1874 2543 2124 2618 historia
2144 2544 2223 2616 de
2243 2544 2522 2644 angelica
2545 2538 2842 2614 consola-

357 2645 536 2719 tione
554 2691 575 2725 ,
596 2655 666 2718 &
685 2644 764 2715 dc
785 2641 1002 2714 sudore
1025 2640 1260 2712 Christi
1283 2638 1615 2743 sanguineo
1635 2691 1657 2726 ‚
1692 2643 1767 2715 sit
1795 2645 2122 2717 Canonica
2149 2673 2166 2717 ε
2215 2652 2282 2716 &
2307 2662 2636 2742 propterea
2659 2640 2843 2722 multi

356 2742 690 2844 pervetusti
715 2741 991 2814 Codices
1013 2766 1147 2811 non
1171 2741 1511 2840 habuerunt
1534 2769 1674 2815 eam
1695 2741 2015 2825 historiam
2034 2792 2055 2824 ,
2082 2768 2215 2845 quae
2244 2743 2467 2843 legitur
2487 2746 2679 2812 Lucae
2712 2762 2843 2836 cap.

359 2865 470 2917 22.
491 2842 642 2939 vers]
663 2866 775 2937 43.
799 2865 942 2936 44.Ὶ
976 2845 1271 2937 Apparuit
1307 2847 1360 2913 ei
1383 2847 1620 2936 angelus
1641 2844 1713 2913 de
1749 2848 1880 2914 coelo
1919 2847 2289 2915 corroborans
2310 2867 2462 2913 eum.
2523 2854 2603 2910 Et
2640 2865 2838 2910 corre·
2900 2913 2905 2917 ,

342 2960 484 3039 ptus
502 2967 758 3038 angore,
799 2942 1088 3034 prolixius
1111 2941 1363 3008 orabat.-
1403 2941 1480 3014 &⁹
1500 2961 1632 3011 erat
1639 2941 1820 3036 sudor
1840 2941 1969 3033 ejus
1988 2943 2142 3036 ficut
2165 2957 2350 3030 gutta
2383 2938 2691 3032 sanguinis
2721 2940 2839 3007 de-

351 3059 652 3110 currentes
673 3043 1015 3109 interram.
1064 3035 1231 3102 Eam
1252 3033 1575 3106 historiam
1593 3039 1662 3106 in
1685 3038 1897 3109 multis
1925 3035 2170 3109 Graecis
2204 3042 2272 3105 &
2316 3034 2557 3105 Latinis
2596 3034 2837 3105 codici-

355 3133 470 3205 bus
490 3158 621 3216 non
640 3131 938 3211 inveniri,
956 3130 1255 3200 testantur
1277 3131 1550 3201 Hilarius
1572 3134 1637 3203 in
1658 3133 1908 3206 decimo
1932 3132 2351 3207 deTrinitate
2370 3180 2393 3213 ‚
2430 3140 2496 3204 &
2520 3134 2773 3216 Hieron
2808 3171 2840 3189 a·

359 3256 499 3302 mus
521 3231 583 3299 in
625 3227 895 3299 secundo
934 3224 1214 3296 adversus
1234 3228 1557 3328 Pelagium
1581 3228 1856 3330 dialogo.
1909 3239 2107 3328 Qaer.
2210 3254 2347 3299 uare
2381 3229 2444 3302 hi
2478 3228 2603 3301 duo
2642 3257 2749 3306 ver
2778 3259 2843 3314 us

359 3329 430 3402 in
452 3326 662 3397 multis
684 3321 998 3396 codicibus
1018 3351 1150 3394 non
1174 3321 1416 3399 fuerunt
1436 3352 1508 3399 ex
1520 3325 1701 3425 pteffi
1723 3333 1749 3396 ?
1789 3336 1950 3428 Resp.
2000 3329 2234 3402 Ortho‘
2261 3327 2371 3398 oxi
2390 3327 2514 3399 hoc
2555 3321 2865 3402 videntur'

361 3424 570 3499 fecifle
591 3423 700 3523 pio
722 3426 861 3494 zelo
881 3453 901 3511 3
942 3423 1080 3522 quia
1106 3427 1320 3496 Ariani
1343 3452 1418 3500 ex
1468 3427 1580 3497 hac
1621 3425 1873 3499 historia
1918 3427 2179 3528 probare
2215 3427 2602 3502 conabantur
2639 3427 2846 3510 filium

360 3525 499 3599 Dei
520 3524 587 3594 in
605 3522 834 3594 eadem
852 3521 1237 3618 impaffibilis
1261 3526 1392 3598 Dei
1418 3524 1634 3614 natura
1656 3552 1790 3598 non
1812 3524 1947 3600 este.

464 3649 519 3717 3.
577 3620 854 3692 Historia
877 3622 1145 3692 mulieris
1166 3624 1229 3694 in
1254 3623 1553 3714 adulterio
1576 3621 1997 3723 deprehensae,
2021 3653 2154 3741 quae
2175 3625 2443 3702 occurrit
2467 3625 2531 3698 in
2552 3628 2845 3726 Euangen

360 3721 450 3794 lio
476 3720 773 3808 Iohannis
793 3741 921 3814 cap.
945 3723 1003 3791 8.
1034 3721 1070 3791 ὲ
1092 3724 1262 3818 versic
1292 3748 1348 3798 1.
1370 3721 1553 3823 usque
1572 3724 1647 3795 ad
1678 3749 1706 3794 1
1721 3751 1780 3801 2.
1803 3725 1869 3796 in
1890 3727 2097 3799 multis
2108 3726 2571 3821 'exemplaribus
2597 3722 2843 3805 Gracia,

363 3828 432 3896 &
454 3819 692 3893 Latinis
709 3819 870 3893 olim
888 3844 1026 3892 non
1043 3820 1335 3894 exstabat.
1391 3826 1541 3896 Hoc
1579 3823 1876 3905 testantur
1898 3825 2320 3924 Hieronymus
2340 3825 2407 3895 in
2441 3822 2710 3902 secundo
2731 3821 2844 3990 ²¹51-

759 3959 768 3960 ff
2642 3943 2746 3990 vct
2774 3949 2843 3994 ue
2874 3969 2879 3972 γ
