3416 4576
603 284 818 369 ‘182-
1108 267 2709 365 nrssER‘raTrffxvr.

668 461 759 508 -eo
795 455 1087 533 tempore
1112 459 1263 507 ‘non
1305 432 1547 506 fuerint
1594 437 1893 533 punffata
1931 462 1950 505 z
2005 455 2164 532 ergo
2198 432 2436 531 puncta
2468 449 2606 502 non
2638 422 2784 497 sunt
2812 418 3024 502 addita
3053 436 3094 508 ἱ

684 536 879 608 Mose
897 537 991 606 vel
1006 536 1084 606 ab
1116 539 1305 607 Ezra.
1409 538 1612 609 Ratio
1632 533 1722 605 est
1752 528 2069 604 manifesta
2110 560 2128 601 ε
2183 554 2331 603 nam
2365 535 2533 603 Lxx.
2586 530 2957 628 Interpretes
2985 535 3097 608 ali.

686 655 862 731 quot
881 634 1116 706 saeculis
1129 635 1274 734 post
1291 640 1520 706 Ezram
1543 636 1865 704 vixerunt.

788 742 920 807 111.
987 739 1350 828 Antequam
1386 736 1453 803 in
1503 731 1694 827 specie
1744 728 1822 803 ad
1872 726 2034 801 hanc
2083 725 2525 818 objectionem
2570 720 3092 824 respondeamus,

694 838 871 933 prius
897 831 1229 928 quaedam,
1278 828 1605 902 historiam
1624 829 1934 903 versionis
1961 834 2132 901 Lxx.
2169 835 2600 926 Interpretum
2633 831 3065 901 concernentia
3081 880 3108 917 ,

694 929 1137 1035 praemittenda
1167 950 1376 1002 erunt.
1871 960 1878 965 ”

802 1059 858 1102 1.
912 1027 1139 1101 Versio
1173 1031 1400 1100 Graeca
1430 1034 1603 1100 Lxx.
1652 1035 2086 1124 Interpretum
2118 1022 2418 1098 adornata
2444 1023 2571 1098 fuit
2601 1029 2893 1123 trecentis
2926 1027 3109 1099 circi-

696 1132 795 1202 ter
806 1130 980 1206 annis
1011 1148 1152 1197 ante
1168 1128 1556 1198 nativitatem
1578 1123 1845 1199 Christi.
2623 1211 2631 1218 .

718 1278 723 1281 -
799 1252 856 1297 2.
912 1232 989 1298 In
1043 1226 1217 1298 causa
1250 1223 1445 1315 hujus
1470 1222 1777 1297 versionis
1821 1220 2268 1322 procatarfflca
2312 1219 2661 1323 assignanda
2708 1248 2935 1298 omnes
2966 1246 3115 1298 non

689 1329 1090 1399 conveniunt
1190 1326 1516 1398 Nonnulli
1545 1322 1832 1401 statuunt
1862 1321 2028 1420 ipsos
2066 1318 2335 1423 Judaeos
2376 1318 2901 1409 Alexandrinos,
2952 1327 3120 1420 quia

698 1428 998 1499 Textum
1016 1424 1371 1496 Hebraeum
1387 1449 1523 1496 non
1543 1421 2009 1520 intelligebant,
2058 1418 2380 1518 petiiffeab
2396 1416 2816 1523 aliisJudaeis‚
2855 1424 3118 1523 lingue

707 1526 1010 1597 Hebraeae
1027 1531 1094 1597 δι
1114 1526 1365 1597 Graecae
1379 1525 1593 1624 peritis
1607 1576 1628 1609 ‚
1645 1543 1726 1595 ut
1737 1526 2039 1594 Textum
2053 1520 2413 1593 Hebraeum
2426 1525 2493 1593 in
2506 1524 2786 1617 linguam
2801 1520 3122 1594 Graecam

701 1624 1127 1698 transferrent.
1179 1629 1346 1696 Sunt
1364 1627 1505 1709 alii,
1552 1624 1673 1718 qui
1689 1647 1825 1696 eam
1843 1616 2196 1693 versionem
2227 1618 2580 1692 adscribunt
2597 1620 2977 1690 Ptolomaeo
2997 1626 3120 1694 La-

754 1751 798 1797 o
818 1725 997 1821 Regi
1012 1725 1519 1822 AEgypti'orum.
1614 1725 1919 1817 Denique
1930 1719 2080 1790 sunt
2098 1721 2433 1802 nonnulli,
2467 1720 2588 1815 qui
2603 1714 2888 1805 judicant
2903 1717 3116 1794 filium

593 1821 600 1829 ’
706 1748 909 1915 {ujus
938 1825 1273 1920 superioris
1308 1826 1503 1916 Regis
1531 1872 1553 1905 ‚
1605 1821 1735 1893 scil.
1785 1820 2223 1895 Ptolomaeum
2276 1812 2765 1916 Philadelphum
2801 1817 3118 1910 quosdam

710 1918 1083 1995 convocasse
1110 1918 1188 1993 ad
1237 1920 1589 1992 versionem
1635 1917 1796 1992 hanc
1835 1915 2352 2017 componendam
2382 1947 2404 2017 ς
2462 1923 2531 1989 &
2563 1911 2839 2013 quidem
2864 1942 3010 1990 eum
3041 1923 3112 1992 in

708 2020 899 2093 finem
921 2070 943 2103 ‚
994 2038 1072 2092 ut
1119 2017 1589 2092 Bibliothecam
1616 2017 1786 2091 suam
1814 2068 1838 2103 ‚
1886 2040 2087 2112 quam
2134 2015 2536 2092 Alexandria:
2582 2033 2934 2113 extruxerat
2961 2067 2985 2101 ‚
3040 2026 3115 2092 δι

708 2143 907 2213 quam
935 2141 1033 2211 50.
1054 2121 1153 2191 vel
1188 2139 1263 2192 ut
1292 2121 1393 2191 alii
1424 2121 1656 2217 volunt
1688 2167 1711 2200 ‚
1758 2140 1874 2213 70.
1920 2115 2208 2190 millibus
2249 2120 2670 2192 voluminum
2713 2116 3104 2214 impleveram·

710 2220 904 2292 etiam
918 2216 1049 2291 hoc
1063 2217 1235 2291 sacro
1250 2220 1417 2291 libro
1430 2234 1781 2292 exornaret.
2175 2266 2176 2269 =

816 2343 876 2413 3.
927 2322 1094 2390 Haec
1108 2316 1316 2391 versio
1336 2318 1769 2391 communiter
1785 2312 2052 2410 quidem
2066 2335 2342 2389 vocatur
2357 2312 2566 2386 versio
2584 2320 2753 2387 Lxx.
2799 2321 3120 2413 Interpre-

710 2437 860 2491 tum
882 2469 905 2503 ,
955 2414 1062 2490 sed
1077 2420 1267 2489 multi
1288 2415 1466 2489 hunc
1481 2419 1913 2513 Inierpretum
1928 2438 2271 2488 numerum
2288 2417 2352 2487 in
2372 2412 2653 2487 dubium
2672 2433 2941 2500 vocant,
2992 2437 3120 2513 pu-

661 2556 667 2563 ·
713 2538 919 2590 tantes
936 2542 1071 2589 non
1090 2514 1268 2588 fuisse
1285 2522 1455 2589 Lxx.
1507 2523 1909 2612 Interpretes.
2008 2517 2313 2606 Qarein
2330 2509 2613 2586 dubium
2628 2516 2906 2587 vocant}
2944 2518 3120 2604 Quia

718 2636 1031 2688 numerus
1076 2614 1576 2711 septuagenarius
1607 2615 1644 2681 a
1671 2610 1917 2713 Judaeis
1950 2608 2208 2684 videtur
2249 2609 2528 2688 effietus.
2623 2616 2885 2707 Quat-ei
2943 2617 3119 2707 Quia

715 2710 933 2815 Judaei
947 2713 1182 2807 semper
1195 2714 1396 2782 multa
1410 2707 1705 2807 mysteria
1726 2733 1805 2780 ex
1825 2705 1955 2780 hoc
1969 2733 2246 2783 numero
2273 2710 2537 2785 fuerunt
2563 2711 2876 2810 expiscati.
2929 2720 3125 2806 Qa-

716 2814 823 2884 re‘}
880 2812 1058 2894 Quia
1107 2805 1497 2906 Synedrium
1525 2810 1881 2881 maximum
1930 2810 2405 2909 Hierosolymae
2453 2831 2913 2910 congregatum
2945 2816 3128 2887 Lxm

720 2912 899 2985 Viris
910 2904 1259 2980 constabat.
1286 2916 1364 2980 In
1384 2906 1711 2980 Talmude
1739 2907 2018 3005 expresse
2032 2906 2273 2982 dicitur
2288 2961 2313 2996 ,
2348 2907 2541 3005 quod
2553 2930 2805 2984 tantum
2820 2914 3119 3011 quinque

723 3011 1014 3088 Seniores
1029 3012 1268 3107 Legem
1284 3005 1714 3081 transtulerint
1731 3009 1899 3104 Regi
1918 3010 2310 3082 Ptolomaeo,
2386 3006 2571 3082 Idem
2584 3019 2769 3085 ctiam
2790 3009 3007 3084 statuit
3022 3018 3116 3089 R.

728 3108 977 3180 Azarias
1007 3158 1028 3190 ‚
1084 3109 1202 3204 qui
1236 3101 1484 3180 fortasse
1516 3105 1685 3179 suam
1712 3107 2074 3179 sententiam
2104 3108 2251 3183 inde
2275 3105 2694 3210 deprompsit.
2751 3115 3072 3188 Auecom
3090 3164 3113 3198 ,

722 3208 845 3298 qui
876 3207 1163 3299 statuunt
1193 3203 1354 3280 hanc
1402 3204 1759 3280 versionem
1805 3200 1920 3279 esse
1953 3206 2306 3281 transsatam
2342 3211 2378 3280 a
2428 3214 2576 3282 Lxx
2626 3211 3117 3309 Interpretibus,

721 3305 958 3402 semper
972 3308 1333 3405 intelligunt
1363 3311 1600 3378 Lxxn.
1652 3302 1754 3379 sed
1786 3305 2110 3378 brevitatis
2139 3307 2312 3380 'causa
2343 3307 2608 3381 sumunt
2633 3334 2976 3383 numerum
3004 3336 3120 3382 ro·

718 3405 1007 3477 tundum
1044 3432 1163 3506 pro
1214 3431 1350 3478 non
1399 3402 1719 3478 rotundo.
1817 3411 1966 3480 Nos
1997 3402 2174 3477 hunc
2204 3413 2631 3504 Interpretum
2661 3431 2996 3484 nuniemm
3031 3406 3120 3480 sic

726 3508 1169 3579 conciliamus:
1226 3511 1440 3578 Lxxn
1455 3507 1602 3579 Viri
1615 3556 1636 3588 ‚
1690 3506 1756 3576 in
1775 3502 2087 3604 Synedrio
2107 3507 2354 3578 Hieros
2342 3510 2405 3578 ol
2409 3510 2708 3607 yrnitano
2725 3509 3117 3609 congregati,

722 3601 1112 3700 deputarunt
1140 3628 1220 3676 ex
1251 3606 1561 3702 petitione
1594 3606 1798 3701 Regis
1828 3608 2172 3677 Ptolomaei
2202 3607 2497 3701 quinque
2524 3610 2703 3680 viros
2752 3633 2833 3681 ex
2880 3606 3108 3682 eodem

716 3703 998 3800 collegio
1024 3751 1045 3786 ‚
1093 3705 1212 3798 qui
1231 3701 1678 3777 Alexandriam
1698 3703 2005 3803 profesti,
2060 3708 2351 3780 Textum
2371 3707 2732 3779 Hebraeum
2749 3712 2818 3781 in
2835 3712 3112 3807 linguam

722 3804 1020 3875 Graecam
1039 3799 1501 3876 transtulerunt.
1599 3808 1893 3877 Vocatur
1907 3827 2063 3902 ergo
2078 3809 2513 3879 communiter
2549 3831 2699 3903 opes
2728 3831 2845 3903 70.
2881 3811 2978 3880 vel
3008 3832 3112 3903 72.

719 3903 1057 3976 Seniorum
1079 3955 1102 3990 ,
1153 3900 1601 3998 quiaipsorum
1632 3904 2009 3976 aussoritate
2024 3904 2164 3981 haec
2177 3903 2382 3977 versio
2415 3904 2700 3977 transsata
2718 3904 2834 3979 est.*
2935 3907 3111 4003 Saepe

720 4028 888 4104 opus
900 3998 1168 4101 aliquod
1180 4003 1306 4075 toti
1319 4003 1594 4101 collegio
1609 3999 2015 4094 adscribitur,
2065 4002 2251 4096 cujus
2279 4024 2530 4079 tantum
2557 4006 2733 4106 pauci
2746 4003 2826 4079 ad
2843 4004 2911 4080 id
2942 4002 3112 4078 dele-

2982 4124 3113 4203 gau
