3416 4576
649 320 791 408 De
829 309 1263 418 literarum
1301 301 1881 394 Hebraicarum
1919 303 2426 423 antiquitate.
2615 340 2762 431 139

331 447 694 555 Lyddenfis
723 472 954 547 magna
983 441 1161 546 apud
1178 441 1582 549 Judaeosfiiit
1608 446 1679 516 in
1712 442 2123 520 admiratione
2151 465 2417 547 propter
2455 444 2752 526 eximiam‘
2786 529 2794 542 ,.

326 554 705 628 doarinam
726 542 1446 652 &rerumJudaicarum
1480 542 1860 642 singularem
1890 548 2205 646 peritiam.
2303 553 2472 621 Non
2507 549 2749 625 mirum

325 679 489 753 ergo
511 705 533 738 ,
585 648 779 747 quod
797 647 961 721 hanc
974 647 1361 730 sententiam,
1388 664 1714 738 ,tanquam
1735 665 2001 727 certam,
2055 642 2433 719 defenderit.
2461 643 2750 722 Audive-

328 775 431 829 rat
465 745 727 826 fortasse
759 748 1165 822 Samaritanus
1206 741 1333 817 hoc
1381 743 1741 816 constanter
1784 743 2117 818 asseverare
2148 794 2170 828 ‚
2220 753 2289 819 &
2334 765 2751 846 praeceptoroe

331 855 492 928 suos
505 851 730 927 iisdem
745 875 884 921 non
918 842 1338 918 contradicere
1369 894 1391 927 ,
1440 841 1544 916 sed
1576 844 1612 914 ὲ
1643 864 1865 917 contra
1892 846 1961 915 in
1990 843 2255 918 eandem
2282 847 2585 920 inclinare
2612 845 2748 920 sen-

325 957 632 1026 tentiam.
727 942 1193 1020 Fortaffeetiam
1211 941 1652 1046 aliosJudaeos
1689 964 1920 1043 praeter
1946 965 2367 1044 praeceptores
2396 946 2545 1015 suos
2562 941 2746 1056 super

331 1051 458 1127 hac
470 1047 820 1147 quaestione
837 1072 971 1119 non
986 1044 1308 1118 consuluit
1318 1069 1341 1128 3
1403 1040 1577 1114 autfi
1598 1045 1990 1115 consuluerit
2015 1093 2036 1127 ,
2064 1063 2501 1142 praeconcepta
2515 1045 2741 1141 opinio

336 1149 426 1224 de
454 1167 915 1251 praeceptorum
951 1149 1217 1219 luorum
1248 1138 1552 1214 dofflina
1580 1138 1762 1214 facile
1805 1146 2183 1216 contrariam
2214 1144 2579 1217 sententiam
2606 1159 2745 1216 tan·

336 1274 527 1347 quam
543 1248 741 1320 falsam
753 1244 990 1335 rejecit.

432 1376 487 1422 2.
541 1349 714 1433 Alii,
765 1363 841 1418 ut
856 1345 1046 1417 Picus
1060 1336 1565 1413 Mirandulanus
1585 1346 1653 1410 &
1690 1337 2094 1416 Reuchlinus
2115 1344 2290 1416 aliter
2318 1341 2740 1442 respondent,

326 1448 448 1522 scil.
498 1450 998 1543 Hieronymum
1032 1443 1228 1534 loqui
1259 1437 1339 1511 de
1367 1441 1667 1534 quinque
1692 1442 1887 1512 literis
1935 1449 2176 1552 (mon
2214 1492 2236 1525 ,
2281 1440 2411 1515 five
2425 1443 2739 1520 finalibus.

322 1548 646 1644 Qinque
675 1544 829 1632 sunt
858 1546 1054 1615 literae
1090 1543 1157 1610 in
1186 1539 1404 1634 lingua
1433 1537 1741 1610 Hebraica
1770 1563 1920 1633 quoe
1955 1542 2129 1612 aliter
2150 1539 2588 1616 scribuntutin
2605 1568 2739 1617 tne-

326 1643 444 1718 dio
463 1693 489 1727 ‚
538 1645 719 1714 aliter
735 1644 804 1711 in
824 1639 984 1722 fine3
1041 1644 1109 1709 &
1126 1637 1426 1734 scriptura
1440 1640 1805 1710 Samaritana
1836 1639 2031 1709 nullas
2063 1640 2264 1710 literas
2296 1638 2505 1713 finales
2535 1665 2741 1736 agno-

329 1743 445 1815 scit
468 1789 490 1824 ,
537 1736 650 1811 sed
682 1763 906 1811 omnes
933 1740 1131 1809 literae
1164 1736 1408 1831 ubique
1424 1739 1630 1808 tamin
1660 1735 1880 1809 medio
1910 1760 2107 1833 quam
2123 1738 2187 1809 in
2205 1735 2333 1810 fine
2356 1763 2602 1811 vocum
2627 1765 2740 1811 eo-

334 1837 482 1913 dem
516 1836 732 1911 modo
764 1836 1139 1910 scribuntur.
1238 1835 1663 1908 Arbitrantur
1699 1839 1722 1908 i
1763 1838 1900 1908 ‘'tur
1947 1836 2348 1935 Hieronymi
2381 1838 2744 1914 finientium

328 1932 551 2025 fuisse,
604 1935 795 2032 quod
809 1937 1303 2030 Ezrasquinque
1319 1935 1451 2005 illas
1468 1937 1674 2006 literas
1852 1960 1917 2008 es
1946 1931 2073 2007 five
2106 1934 2409 2011 biformes
2423 1940 2741 2017 hierimit·

319 2039 488 2136 giuti
512 2035 765 2109 duabus
794 2034 1227 2108 uniformibus
1266 2030 1608 2108 addiderit.
1983 2097 1992 2106 .
2667 2109 2674 2114 ,
2715 2077 2722 2082 ·

422 2161 478 2231 3.
527 2133 927 2211 wilhelmus
956 2130 1423 2209 Schickhardus
1446 2136 1721 2235 explicat
1754 2133 2149 2234 Hieronymi
2177 2138 2403 2210 locum
2432 2132 2515 2209 de
2542 2152 2740 2216 voca,-

322 2234 501 2310 libus
528 2285 549 2321 ‚
598 2260 757 2332 quas
785 2233 1129 2309 secundum
1160 2234 1532 2309 sententiam
1578 2235 1948 2308 multorum
1997 2255 2288 2312 veterum
2323 2240 2393 2309 &
2422 2243 2737 2316 recentio-

325 2333 849 2439 umJudaeorum
864 2340 1061 2406 Ezras
1074 2332 1341 2407 addidit.
1658 2396 1663 2401 .
2505 2380 2510 2385 -

424 2460 497 2528 4.
543 2437 788 2506 Multis
799 2430 1060 2505 videtur
1073 2431 1402 2530 probabile
1417 2483 1438 2516 ‚
1478 2428 1673 2527 quod·
1681 2434 2137 2532 Hieronymus
2166 2432 2539 2528 intellexerit
2573 2437 2740 2511 illam

326 2534 794 2609 mutationem,
849 2555 979 2627 qua
994 2535 1188 2603 Ezras
1202 2527 1566 2604 characteres
1596 2532 1820 2613 sacros,
1857 2535 2109 2633 populo
2126 2534 2431 2629 ignotos',
2458 2538 2526 2602 ὅ(
2545 2534 2688 2620 mro
2704 2538 2743 2608 i

313 2632 584 2733 populo
601 2627 940 2711 adhibitos,
959 2627 1289 2727 produxit,
1313 2638 1380 2702 &
1397 2655 1774 2729 communes
1783 2632 1934 2706 fecit
1950 2685 1973 2718 ‚
1985 2635 2218 2708 reliffis
2229 2627 2575 2733 prophanis
2591 2631 2742 2709 cha-

306 2728 687 2813 ῐαᾶετὶὸυς,
706 2729 1936 2837 Samaritanis,cumquibusJudaeinon
1967 2737 2320 2809 voluerunt
2352 2733 2548 2809 ullam
2560 2731 2741 2813 fami·

302 2832 439 2904 liari
445 2849 642 2902 tatem
660 2831 869 2902 colere
886 2840 909 2915 3‘
942 2850 1087 2901 tum
1104 2833 1257 2925 quia
1271 2827 1673 2933 Judaeorum
1687 2852 1864 2907 erant
1881 2829 2268 2907 infenfiffimi
2280 2831 2491 2906 hostes
2507 2883 2528 2918 ‚
2587 2848 2734 2912 tu‘m

297 2934 457 3027 quia
470 2930 848 3029 religionem
866 2933 902 3002 ὲ
915 2927 1312 3033 Judaeorum
1329 2932 1641 3027 religione
1656 2930 1963 3005 diversam
1991 2930 2480 3031 profitebantur.
2495 2970 2500 2975 ·
2703 2942 2710 2947 ’

395 3030 534 3106 VI.
591 3030 782 3103 Alter
799 3054 879 3100 ex
898 3026 1375 3102 Christianisest
1392 3028 1710 3103 Eusebius
1742 3080 1764 3113 ,
1800 3036 2100 3104 Caesareae
2114 3029 2456 3104 Palaestinae
2472 3028 2737 3129 Episco-

288 3153 454 3228 puS,
507 3130 638 3223 qui
660 3130 726 3198 in
742 3126 1090 3200 Chronico
1108 3130 1227 3200 suo
1249 3177 1270 3213 ‚
1319 3126 1392 3200 ad
1413 3153 1655 3201 annum
1672 3155 1872 3225 4740.
1905 3128 2045 3202 haec
2065 3128 2481 3205 verbascribit
2516 3160 2535 3202 t
2583 3139 2736 3207 Fuit

285 3234 485 3324 ,Est-as
503 3233 650 3326 legis
667 3226 879 3300 divinae
894 3230 1312 3323 erudittffimus
1328 3279 1352 3314 ,
1402 3240 1479 3313 <fr
1497 3232 1695 3302 claems
1724 3236 1995 3305 om‘m‘m
2023 3224 2390 3329 Judaeornm
2423 3230 2700 3330 maegss'vr
2714 3280 2736 3314 ‚

283 3328 492 3427 quide
505 3332 864 3421 captivitate
876 3328 1353 3426 regreffifuerant
1365 3338 1430 3401 in
1447 3328 1751 3428 Jndaeam
1767 3380 1788 3413 ‚
1824 3331 2282 3428 qffirmaetttrque
2312 3330 2738 3427 divinasset-ip-

281 3449 466 3500 τινα(
476 3433 841 3497 memoriter
870 3427 1164 3524 condadtffi
1179 3478 1201 3513 ,
1254 3439 1333 3512 ὠ·
1353 3481 1375 3512 ,
1425 3451 1500 3499 ut
1513 3433 1920 3504 Samaritanis
1945 3458 2062 3502 non
2087 3432 2470 3524 misberenttor
2482 3478 2504 3513 ,
2535 3432 2736 3511 utera

279 3526 612 3630 Judaicas·
642 3527 1043 3621 commutaeffi.

378 3625 762 3723 Respondeo.
822 3649 875 3695 1.
931 3620 1040 3697 Ad
1088 3622 1247 3698 hanc
1297 3624 1735 3715 objeffionem
1784 3625 2142 3700 solvendam
2197 3628 2365 3700 'valet
2409 3625 2738 3724 responsio

285 3745 513 3819 quarta
532 3775 556 3807 ,
612 3725 827 3818 quam
845 3720 1140 3797 dedimus
1154 3726 1334 3796 retro
1354 3727 1629 3819 seffione
1645 3723 2065 3822 praecedente.
2847 3770 2850 3771 ν

397 3850 462 3895 2.
514 3823 843 3895 Eusebius
872 3823 1136 3897 videtur
1166 3850 1306 3897 non
1343 3845 1473 3897 tam
1505 3851 1587 3897 ex·
1617 3828 1875 3924 propria
1903 3826 2198 3899 sententia
2228 3826 2430 3921 quhm
2464 3822 2737 3919 quidem

284 3943 368 3993 ex
387 3922 695 3994 sententia
709 3925 989 3996 aliorum
1010 3927 1229 4018 loqui.
1338 3929 1504 3997 Haec
1520 3926 1893 4017 conjestura
1904 3922 2087 3998 valde
2101 3924 2445 4025 probabilis
2459 3920 2739 4001 videtur,

278 4023 439 4118 quia
458 4021 794 4097 Eusebius
808 4022 1387 4123 dicittAffirmatur
1403 4028 1683 4101 divinam
1678 4032 2047 4127 scripturam
2061 4034 2403 4101 memoriter
2415 4019 2743 4190 condiitfffi

1596 4130 1638 4198 S
1695 4151 1730 4197 2
2510 4126 2585 4203 &-
2625 4127 2741 4191 ite-
