3416 4576
654 272 821 402 προ·
1105 255 2706 387 ῡῐέειῑιὶτΑΤιοΧἮ.

662 425 1077 503 Chaldaicam
1112 422 1443 498 transsatus
1475 424 1600 508 est3
1656 419 1757 495 sed
1789 421 2070 494 econtra
2101 439 2228 492 tres
2257 419 2438 503 libri,
2485 419 2614 492 scil.
2663 422 2895 502 Ezras,
2925 417 3074 495 Ness

662 528 907 602 hemias
938 534 1006 599 δι
1048 526 1279 599 Daniel
1331 550 1413 597 ex
1463 527 1680 624 linguai
1722 519 2005 594 Hebraess
2051 521 2116 593 in
2167 513 2568 595 Chaldaicam
2614 518 2881 594 transsati
2930 540 3073 596 non

670 647 1293 824 invgnnffipgssmstae
1312 773 1334 807 ,
1389 715 1706 818 praecipue
1722 700 2129 815 posteriores,
2184 716 2461 789 nimium
2477 712 2700 789 fabulis
2732 713 3077 789 Talmudi-

672 831 761 901 cis
790 822 1225 900 indulserunt:
1278 817 1434 891 sede
1462 839 1685 890 contra
1703 836 2169 907 nonnunquam
2201 813 2648 888 abstrusissima
2677 813 2963 914 mysteria
2992 819 3078 888 ita

666 951 786 1000 -acu
804 927 1180 1019 tetigerunt,
1229 938 1304 989 ut
1338 918 1574 994 merito
1604 912 1942 1011 aliquando
1975 912 2398 989 Talmudistae
2429 917 2634 988 coacti
2651 912 2889 987 fixerint
2913 912 3079 989 dioe-

669 1048 776 1096 re:
828 1026 975 1112 Nfi
983 1025 1252 1116 Targum
1266 1020 1420 1087 illius
1433 1022 1541 1087 loca·
1552 1018 1678 1113 effit
1705 1019 2051 1109 nesciremus
2069 1059 2090 1093 ,
2108 1017 2259 1108 quid
2263 1036 2467 1089 textus
2459 1014 2582 1107 fibi
2610 1014 2809 1097 vellet.
2839 1020 3079 1109 necfin-

656 1127 806 1218 Jitm
823 1123 1434 1216 ejusintelligeremus.
1484 1113 1659 1186 Vide
1672 1117 1853 1213 plura
1870 1108 2437 1208 deParaphrafibus
2473 1111 2829 1185 Chaldaicis
2858 1117 2921 1185 in
2959 1117 3083 1185 Be-

671 1214 929 1296 chinath
984 1208 1491 1312 Happeruschim
1539 1208 1951 1286 Schickhardi
1980 1207 2161 1309 Disp.
2226 1236 2284 1283 1.
2316 1216 2385 1282 &
2421 1237 2485 1284 2.
2521 1220 2589 1285 &
2618 1215 2687 1284 in
2722 1209 3080 1312 Philologo

671 1316 904 1387 Mixto
918 1308 1181 1387 Differt.
1206 1335 1263 1405 5.
1282 1324 1348 1382 6.
1362 1334 1428 1403 7.
2777 1346 2784 1353 ·
3060 1341 3071 1352 ·

659 1480 665 1484 ,
768 1421 890 1488 XI.
947 1412 1340 1511 Respondcoin
1376 1408 1573 1508 specie
1620 1402 1701 1478 ad
1739 1417 2006 1504 primm
2052 1406 2497 1500 objectionem.
2552 1432 2607 1481 1.
2658 1410 2829 1479 Haec
2862 1407 3091 1484 discre-

672 1514 878 1611 pantia
896 1514 932 1583 a
967 1515 1196 1583 Textu
1223 1510 1509 1581 Hebraeo
1538 1507 1603 1577 in
1636 1506 2103 1606 Paraphrafibus
2125 1530 2267 1578 non
2299 1526 2554 1579 tantum
2586 1506 2960 1581 observatur
2993 1530 3087 1582 re*-

675 1612 892 1711 spestu
910 1613 1231 1683 vocalium
1251 1659 1273 1693 ,
1321 1606 1626 1682 sedetiam
1659 1605 1939 1706 respectu
1971 1605 2435 1689 consonarum,
2486 1629 2636 1700 quae
2670 1602 2935 1679 videtur
2955 1620 3086 1681 ort‘a

675 1734 759 1782 ex
775 1708 1105 1782 Codicum
1128 1710 1492 1806 pugnantia.
1594 1705 1730 1802 lpse
1760 1701 2028 1800 quidem
2045 1706 2348 1804 Capellus
2380 1706 2562 1779 talem
2580 1705 2942 1777 varietatem
2975 1710 3083 1779 cir·

676 1834 753 1881 ca
782 1810 1092 1880 consonas
1108 1803 1446 1888 concedit,
1493 1799 1597 1873 sed
1629 1806 1714 1876 ait
1748 1805 1937 1877 varias
1967 1805 2270 1878 lectiones
2300 1802 2584 1903 respectu
2613 1806 2943 1876 vocalium
2976 1800 3089 1876 effe

674 1906 1157 2001 frequentiores.
1253 1902 1377 1976 Sed
1407 1920 1629 2000 regero
1661 1925 1685 1974 t
1741 1909 1817 1975 In
1851 1904 1997 1975 tota
2013 1899 2365 2002 Paraphraii
2402 1900 2732 1976 Onkelofi
2748 1905 2855 1977 vix
2881 1912 3087 1978 unum

684 2005 1054 2100 exemplum
1073 2004 1431 2081 invenitur,
1486 2002 1547 2070 in
1567 2023 1713 2093 quo
1730 2000 2094 2075 observatur
2108 2005 2271 2074 varia
2286 2002 2726 2101 interpretatio
2744 2052 2762 2084 ,
2792 2028 2935 2096 quae
2954 2007 3088 2076 ori-

664 2105 897 2199 ginem
917 2098 1177 2200 sumpsit
1198 2126 1273 2173 ex
1290 2097 1650 2173 vocalibus.
1700 2097 1823 2173 Sed
1839 2098 2055 2198 posito
2075 2152 2096 2184 ‚
2147 2099 2341 2197 quod
2356 2094 3080 2207 inJonathaneiintplu-

679 2222 779 2274 res
792 2199 948 2273 falsae
967 2201 1682 2299 interpretationesnatae
1699 2222 1781 2271 ex
1814 2203 2183 2283 vocalibus,
2233 2212 2438 2297 quam
2472 2226 2627 2298 quae
2659 2220 2817 2274 natae
2847 2200 3086 2275 suntex

678 2300 1218 2385 consonantibus,
1271 2297 1421 2371 inde
1436 2320 1642 2370 tamen
1661 2324 1798 2373 non
1813 2300 2136 2393 sequitur,
2172 2298 2365 2395 quod
2382 2310 2756 2400 Interpretes
2773 2299 3093 2374 transtule-
3169 2329 3172 2330 ⁷

679 2403 813 2473 rint
828 2403 1122 2473 Textum
1141 2396 1522 2472 Chaldaeum
1539 2421 1617 2469 ex
1647 2398 1870 2471 Bibliis
1903 2424 2039 2473 non
2078 2403 2394 2499 punctatis
2429 2427 2448 2470 ε
2505 2426 2646 2472 nam
2680 2425 2815 2473 non
2848 2402 3091 2472 mirum

680 2498 808 2582 est,
863 2498 1054 2594 quod
1076 2494 1457 2570 differentiae
1472 2497 1753 2594 respefitu
1787 2501 2107 2573 vocalium
2144 2498 2267 2572 fint
2295 2498 2789 2598 foequentiorec,
2846 2524 3001 2572 cum
3032 2503 3095 2573 in

680 2598 1053 2670 universum
1108 2600 1172 2667 in
1231 2596 1456 2667 Bibliis
1487 2597 1805 2694 punffltis
1833 2601 2076 2672 vocales
2124 2599 2615 2673 consonantibus
2665 2594 2787 2671 sint
2822 2621 3095 2702 corrup·

686 2696 857 2764 tioni
893 2693 1345 2762 obnoxiores.-

784 2815 851 2860 2.
907 2787 1250 2872 Onkelos,
1301 2790 1417 2882 qui
1434 2788 1734 2884 pleraque
1752 2785 1835 2861 de
1855 2791 2056 2864 verbo
2073 2789 2151 2866 ad
2183 2793 2459 2866 verbum
2494 2791 2808 2867 transtulit
2845 2844 2869 2878 ‚
2921 2821 3103 2870 non»

683 2911 1020 2980 nunquam
1040 2886 1607 2980 sententiasaliquas
1621 2882 1907 2973 addidit3
1963 2894 2050 2962 ita
2066 2912 2143 2964 ut
2170 2894 2239 2964 in
2275 2896 2392 2966 illis
2427 2896 2584 2967 locis
2619 2909 2756 2965 non
2785 2912 2919 2967 tam
2954 2894 3101 2969 fim-

680 2989 929 3085 pliciter
943 2990 1287 3082 Interpres,
1342 3009 1538 3079 quam
1556 2983 1825 3081 quidem
1855 2986 2280 3088 Pamphi-astes
2311 2991 2603 3065 videatur
2632 2991 2753 3065 effe
2788 3021 2806 3064 t
2860 3020 2966 3068 ex.
2996 3019 3098 3093 gr.

683 3086 895 3176 Genes?
905 3105 974 3174 4.
1004 3084 1068 3180 ι8.
1104 3081 1427 3157 adduntur
1455 3082 1593 3156 haec
1624 3086 1810 3159 verba
1844 3112 1863 3158 t
1917 3095 2152 3162 Eamus
2179 3101 2245 3162 in
2274 3118 2498 3190 agrum
2532 3144 2552 3172 ,
2606 3117 2761 3189 quae
2789 3112 2995 3165 tamen
3032 3095 3097 3167 in

684 3183 911 3252 Textu
931 3179 1222 3255 Hebraeo
1260 3205 1397 3255 non
1432 3180 1774 3255 habentur.
1821 3183 2144 3288 Jonathan
2166 3190 2413 3284 ubique
2442 3190 2574 3263 fere
2603 3193 2865 3288 aliquot
2900 3218 3097 3265 voces

679 3280 1116 3374 explicationis
1133 3306 1283 3382 ergo
1318 3279 1518 3356 addit.
1622 3286 1728 3354 Ex
1749 3281 2056 3387 Jonathae
2094 3288 2295 3384 igitur
2328 3287 2680 3391 Parapbrafi
2718 3316 2855 3363 non
2884 3284 3102 3390 potest

689 3377 949 3477 probari
965 3379 1261 3453 Textum
1292 3383 1453 3456 olim
1483 3381 1816 3456 vocalibus
1846 3379 2030 3456 fuisse
2059 3382 2433 3460 destitutum
2455 3439 2476 3473 ,
2527 3391 2683 3484 quia
2712 3387 2821 3462 hic
2851 3397 2917 3461 &
2946 3391 3100 3463 alibi

681 3474 1028 3566 aliquando
1064 3480 1364 3553 Textum
1398 3481 1749 3554 secundum
1781 3484 1957 3555 aliam
2001 3488 2482 3580 punctationem
2532 3490 2890 3588 explicavit.
2945 3495 3103 3563 On-

683 3572 861 3645 kelos
894 3575 1231 3668 aliquando
1264 3582 1531 3653 vocibus
1562 3583 1742 3678 plane
1769 3582 1965 3654 alium
1998 3583 2242 3657 sensum
2274 3584 2542 3667 indidit,
2594 3586 2836 3661 etiamsi
2857 3589 3099 3664 easdem

682 3670 854 3743 forte
869 3672 1162 3768 legitimis
1180 3677 1507 3749 vocalibus
1522 3681 1772 3778 legerit:
1826 3704 1928 3752 ex·
1946 3704 2044 3780 gr.
2062 3691 2415 3780 GenesI-49.
2439 3712 2465 3759 1
2482 3712 2533 3758 1.
2554 3691 2841 3760 occurrit
2858 3711 3101 3761 nomen

679 3765 822 3837 ”¹⁹33
870 3774 1074 3864 asellus
1102 3778 1265 3866 ejus,
1312 3776 1499 3870 quod
1534 3779 1831 3850 Onkelos
1858 3779 2177 3855 transtulit
2195 3809 2305 3882 per
2350 3761 2563 3878 ΜΠΡῘΖ
2613 3795 2933 3858 civitatem
2948 3797 3097 3888 ejus

683 3886 1078 3983 cum-tamen
1113 3868 1250 3943 haec
1278 3877 1616 3968 explicatio
1657 3873 1736 3947 lit
1763 3899 1984 3952 contra
2012 3879 2278 3956 sensum.
2328 3887 2433 3955 Ex
2469 3881 2566 3955 his
2597 3884 3098 3983 sequiturquod

687 3991 904 4042 omma
936 3965 1283 4046 differentia
1332 3970 1585 4050 Textus
1635 3972 1965 4055 Chaldaici
2017 3982 2053 4055 ἦ
2081 3985 2308 4058 Textu
2358 3979 2684 4057 Hebraico
2717 4009 2859 4058 non
2896 3984 2979 4059 fit
2995 4012 3102 4059 or·

3040 4105 3103 4158 ta
