3416 4576
690 276 853 359 226·-
1060 240 2694 352 Dlss·ERTAT10X1X.'

806 451 871 498 2.
924 418 1450 518 Adhucaugetur
1483 417 1614 494 hoc
1648 417 1969 500 dubium.
2026 441 2174 489 cum
2222 414 2603 488 attendimus
2628 409 2706 484 ad
2734 406 3122 490 brevitatem}

707 528 860 600 'vitae
884 531 1146 595 Patrum
1164 520 1830 621 postdiluvianorurn:
1884 545 2031 591 nam
2050 524 2256 588 Patres
2286 514 2725 588 antediluviani
2757 508 2970 608 duplo
2987 514 3132 588 fere

702 623 950 697 diutius
970 621 1271 695 vixerunt
1286 644 1480 716 quam
1499 618 1982 719 postdiluviani.
2080 613 2373 713 Qidam
2410 639 2489 685 ex
2523 609 3000 686 antediluviants
3014 618 3124 686 ul..

706 738 804 795 tra
820 739 1186 820 nongentos
1201 745 1402 792 annos
1416 721 1712 792 vixerunt
1725 773 1746 800 ,
1800 742 1953 790 cum
1971 725 2179 788 Patres
2192 712 2648 814 postdiluviani
2683 730 2937 785 tantum
2956 739 3128 808 qua.

706 820 1080 920 dringentos
1096 837 1594 919 praeterpropter
1639 843 1838 891 annos
1890 818 2192 889 vixerint.
2296 809 2654 909 Arphacsad
2686 815 2937 911 primus
2967 813 3124 911 post

700 919 1021 994 diluvium
1042 916 1382 992 Patriarcha
1397 937 1652 990 tantum
1674 920 1841 990 vixit
1873 940 2075 987 annos
2108 938 2252 1008 433.
2305 916 2520 984 Etiam
2566 913 2665 984 alii
2696 920 2910 983 Patres
2937 912 3123 1012 post-3

711 1017 1017 1092 diluviani
1033 1017 1312 1116 respectu
1332 1024 1587 1090 Parrum
1610 1013 2226 1090 antediluvianorum
2248 1037 2380 1084 uon
2392 1008 2849 1085 diuvixerunt.

796 1117 1121 1214 Respondeo
1179 1143 1237 1190 1.
1290 1112 1583 1213 Qidam
1615 1113 1776 1188 hanc
1810 1114 2244 1204 objectionem
2261 1109 2520 1183 solvunt
2552 1107 2874 1203 dicende,
2926 1110 3122 1208 quod

707 1219 917 1316 plures
946 1214 1237 1293 homines
1271 1218 1339 1288 in
1370 1239 1505 1287 arca
1534 1220 1712 1288 Noae
1743 1213 1976 1289 fuerint
2007 1236 2200 1308 quam
2218 1212 2413 1294 οᾶος
2467 1217 2536 1281 &
2563 1207 2754 1301 quod
2786 1211 2854 1281 in
2879 1213 3118 1287 ‘sextu

708 1335 954 1388 tantum
987 1314 1421 1414 supputentur
1446 1316 1789 1414 praecipui,
1841 1311 2162 1408 quodque
2179 1308 2440 1389 famuli,
2490 1309 2728 1380 ancillae
2758 1355 2779 1389 ,
2832 1314 3022 1406 pueri
3055 1319 3124 1384 δε

708 1416 934 1514 puellae
950 1413 1523 1510 subintelligantur.
1619 1416 2041 1485 Putantenim
2073 1416 2140 1483 in
2172 1433 2301 1482 arca
2316 1433 2452 1479 non
2485 1408 2810 1506 supputari
2839 1430 2992 1493 eos,
3039 1408 3120 1481 li·

711 1515 851 1585 cuti
870 1516 933 1585 in
951 1537 1149 1584 curru
1165 1536 1300 1584 non
1318 1509 1690 1610 supputatur
1710 1513 1944 1610 auriga.
2044 1513 2107 1582 Si
2124 1512 2294 1581 enim
2312 1508 2536 1601 aliquis
2565 1524 2817 1602 quaerat
2844 1561 2864 1589 ,
2922 1515 3120 1591 Quot

715 1608 1259 1685 hominesfuerint
1279 1613 1343 1682 in
1375 1635 1567 1684 curru
1600 1615 1625 1683 ζ
1680 1607 2207 1710 Respondebitur
2233 1625 2515 1704 quatuor
2545 1625 2657 1677 aut
2673 1605 2776 1678 sex
2808 1655 2830 1683 ‚
2886 1604 3110 1679 omisso

707 1711 1174 1811 semperaurigz‘i
1196 1732 1224 1781 z·
1265 1707 1413 1783 ideo
1448 1707 1616 1783 idem
1638 1759 1659 1792 ,
1711 1714 1861 1804 quia
1895 1733 2032 1781 non
2068 1726 2441 1780 numeratur
2462 1754 2481 1788 ‚
2535 1706 2729 1777 etiam
2761 1730 2902 1778 non
2933 1706 3110 1781 solvit

712 1812 1010 1909 vefflgal.
1110 1806 1286 1882 Idem
1306 1808 1616 1881 observari
1636 1809 1790 1880 solet
1807 1812 1871 1880 in
1908 1810 2150 1904 nuptiis
2178 1815 2250 1897 &¹
2276 1805 2632 1877 conviviis:
2685 1803 2736 1877 fi
2776 1810 2949 1878 enim
2979 1809 3121 1903 quis

712 1928 905 2007 roget
919 1958 941 1991 ,
972 1927 1146 2002 quot
1157 1903 1396 1980 fixerint
1413 1909 1707 1978 convivae
1726 1909 2066 2007 nuptiales}
2091 1902 2530 2006 Respondebit
2548 1905 2740 1986 alius,
2792 1908 3118 1999 quinqua-

702 2010 890 2105 -ginta
904 2026 1012 2078 aut
1029 2006 1337 2101 sexaginta
1355 2055 1375 2087 ,
1430 2025 1541 2077 aut
1556 2009 1764 2105 plures
1777 2009 1878 2078 vel
1897 2010 2221 2103 pauciores
2238 2057 2258 2089 ,
2313 2000 2556 2084 omissis
2568 2005 2794 2075 ancillis
2819 2010 2888 2073 &
2905 2003 3130 2076 fiamu-⁸

713 2108 825 2189 lis,
872 2105 991 2199 qui
1027 2128 1163 2176 non
1194 2124 1608 2176 numerantur
1639 2154 1660 2187 ‚
1712 2104 1952 2178 etiamsi
1983 2106 2047 2176 in
2084 2104 2325 2205 nuptiis
2353 2105 2541 2176 etiarn
2558 2099 2732 2172 edant
2757 2107 2825 2171 &
2860 2100 3127 2181 bibant.

714 2201 901 2277 Idem
916 2221 1142 2302 putant
1157 2205 1453 2276 nonnulli
1471 2207 1659 2276 etiarn
1675 2202 2021 2278 dicendum
2049 2198 2165 2276 effe
2179 2201 2259 2277 de
2277 2205 2437 2274 οᾶο
2469 2196 2836 2273 hominibus
2848 2201 2918 2270 in
2943 2206 3124 2281 Area

716 2303 892 2379 Noae
909 2304 1245 2377 contentis.
1343 2308 1642 2378 Narravit
1657 2303 1816 2378 mihi
1834 2327 2205 2384 nonnemo,
2259 2307 2376 2400 qui
2392 2299 2705 2375 audiverat
2719 2298 3046 2376 Pastorem
3063 2307 3128 2377 in

711 2404 975 2505 publica
990 2406 1304 2477 concione
1318 2399 1477 2478 hanc
1496 2404 1856 2479 sententiam
1888 2401 2253 2477 defendiss‘e.
2354 2398 2534 2475 Mihi
2573 2423 2780 2474 tamen
2815 2397 2961 2472 haec
3000 2404 3128 2478 sen·

712 2507 910 2582 tentia
927 2527 1064 2577 non
1081 2500 1338 2575 videtur
1352 2502 1764 2576 verosimilis:
1797 2507 2056 2577 'namin
2089 2509 2314 2576 Textu
2348 2500 2631 2583 dicitur,·
2671 2498 2866 2595 quod
2897 2497 3130 2578 fuerint

715 2606 878 2674 οᾶο
913 2601 1245 2684 homines,
1293 2606 1413 2695 qui
1442 2600 2152 2702 contradistinguuntur
2179 2604 2417 2678 caeteris
2451 2596 2870 2685 hominibus,
2923 2606 3128 2696 quiim¹

713 2696 975 2771 diluvio
988 2700 1326 2795 perierunt.
1909 2771 1916 2776 ,
2243 2715 2246 2718 ·

820 2819 882 2867 2.
934 2798 1070 2868 Alii
1119 2791 1347 2884 majori
1389 2793 1580 2892 specie
1632 2796 1901 2868 veritatis
1946 2796 2305 2871 adscribunt
2355 2797 2516 2872 hanc
2566 2796 2836 2872 humani
2882 2797 3132 2897 generis

715 2895 1320 2991 multiplicationem
1340 2896 1470 2968 Dei
1487 2891 1916 2967 benedictioni
1935 2946 1956 2979 ‚
2056 2903 2137 2969 ui
2150 2903 2333 2971 Deus
2349 2894 2642 2970 humano
2660 2901 2872 2999 generi
2889 2894 3132 2973 affatim

715 2989 1058 3067 benedixit.
1110 2996 1299 3065 Hanc
1317 2991 1825 3067 benedictionem
1839 2923 2418 3074 Βειιὲὴοπιὶηὶὃιις
2432 2998 2756 3098 pollicitus
2773 2996 2897 3082 est,
2946 3001 3134 3075 Gen.

714 3119 785 3184 9.
828 3118 881 3163 1.
924 3090 1189 3188 quando
1221 3088 1389 3165 dixit
1430 3121 1448 3163 ε
1504 3099 1830 3191 Foetifiqate
1860 3143 1881 3178 ‚
1905 3101 2407 3194 'mulnplt‘camini
2437 3152 2456 3179 ,
2509 3107 2591 3190 (ῤ’
2607 3104 2817 3204 replere
2844 3118 3127 3184 terrant.

722 3198 790 3264 δι
808 3191 964 3264 vers.
978 3217 1044 3281 9.
1061 3191 1739 3295 Abundbprogvgnitein
1753 3217 1939 3266 terra.
1993 3195 2653 3292 Simili'benedicstione
2668 3205 2846 3272 Deus
2857 3195 3136 3270 benedi·

718 3292 817 3363 xit
833 3290 1120 3364 Israelitis
1138 3293 1200 3363 in
1219 3294 1528 3390 AEgypto
1551 3291 1667 3364 sub
1679 3291 1846 3390 jugo
1865 3290 2200 3367 Pharaonis
2219 3294 2641 3388 habitantibus
2658 3327 2676 3370 e
2697 3299 2786 3370 ibi
2802 3298 2976 3369 enim
2995 3298 3132 3396 sep-

718 3391 1003 3485 tuaginta
1032 3393 1279 3475 circiter
1292 3388 1621 3474 homines,
1670 3396 1958 3487 quicum
1981 3393 2244 3496 Jacobo
2277 3393 2629 3468 Patriarcha
2646 3397 2712 3468 in
2746 3397 3132 3496 AEgyptum

717 3484 1193 3573 descenderant,
1248 3493 1313 3562 in
1326 3492 1576 3586 aliquot
1591 3509 1846 3564 centena
1858 3486 2203 3566 hominum
2236 3498 2428 3570 millia
2446 3499 2744 3568 trecentis
2759 3497 3011 3570 circiter
3024 3522 3140 3569 an-

569 3604 577 3614 ·
720 3588 818 3659 nis
839 3610 1293 3672 excreverunt;
1346 3588 1505 3661 adeo
1527 3609 1602 3662 ut
1637 3591 1947 3690 AEgyptii
1974 3589 2356 3667 decreverint
2387 3596 2687 3670 Israelitas
2715 3595 2902 3666 variis
2917 3593 3138 3668 modis

722 3685 1112 3784 opprimere,
1163 3688 1335 3784 neab
1348 3691 1467 3760 illis
1486 3739 1506 3773 ‚
1556 3709 1788 3791 utpote
1803 3709 2260 3794 cumtempore
2273 3693 2510 3788 futuris
2524 3691 2949 3778 fortioribus,
2982 3697 3132 3766 vin-

720 3803 1050 3871 cerentur,
1101 3794 1479 3885 &ex-regno
1494 3790 1611 3860 suo
1640 3793 2043 3890 pellerentur.
2147 3794 2355 3869 Unde
2384 3793 2586 3868 videri
2616 3790 2762 3876 est‘,·
2800 3790 2971 3890 quid
2995 3794 3132 3867 Dei

717 3880 1079 3959 benedictio
1095 3883 1335 3959 efficere
1359 3885 1575 3985 possit.
2469 3893 2474 3899 “
2577 3933 2582 3942 -
2609 3937 2614 3940 ·
2805 3903 2810 3984 j
3121 3901 3134 3910 “

822 4007 881 4079 3.
934 3985 1089 4086 Vita
1116 3994 1378 4063 Patrum
1396 3984 2169 4092 postdiluvianorumfuit
2191 3987 2452 4088 quidem
2485 3990 2702 4066 multo
2717 3985 2984 4066 brevior
2996 3990 3138 4062 vit&

925 4135 933 4144 ·
1364 4161 1373 4164 -
2862 4097 3134 4165 Patruu-
