3416 4576
1147 312 1164 341 ,κ
1199 334 1200 343 Ν
1250 230 1394 321 ‘De
1448 225 1865 337 &nasorm
2214 314 2217 315 f
2580 269 2772 357 ,299
2792 196 2812 211 δ

432 378 579 453 Ubi
611 374 752 451 haec
770 369 1031 448 Masora
1051 372 1116 446 in
1134 370 1364 449 Bibliis
1380 371 1713 448 Hebraicis
1727 380 2081 457 collocatur
2110 362 2136 452 ’ἓ
2157 381 2329 480 R‘sp·
2378 387 2553 456 Inter
2566 385 2752 456 Tex-

321 498 472 554 tum
489 478 856 553 Hebraeum
873 480 940 545 &
959 470 1360 574 Paraphrasin
1391 469 1812 550 Chaldaicam.

424 582 760 654 Mediocris
774 572 1059 655 Masora‚
1092 567 1690 671 quaeaquibusdam
1708 600 1929 672 magna
1946 625 1966 659 ,
2003 574 2109 651 sed
2125 580 2415 659 textualis
2444 601 2747 670 vocatut,

321 676 416 754 est
435 730 457 763 ‚
507 704 660 775 quae
679 676 805 776 ipsa
820 674 964 746 loca
977 676 1313 774 Scriptura!
1331 722 1352 756 ,
1371 672 1437 744 in
1456 672 1702 770 quibus
1731 699 1921 748 voces
1939 679 2210 776 allegatae
2244 701 2701 755 enumerantur
2719 733 2745 768 ,

318 777 470 879 post
502 779 778 852 invicem
804 772 1070 847 recenset
1099 802 1122 858 ;
1190 774 1292 844 vel
1327 768 1407 844 ad
1434 775 1786 848 minimum
1831 777 2063 873 allegat,
2095 779 2319 850 locum
2369 779 2486 852 ubi
2531 784 2773 865 caeteri.

316 884 581 954 Textus
613 880 954 975 Scripturae
984 874 1224 968 inquiri
1250 866 1534 969 poffunt.
2544 907 2550 912 ·

421 985 650 1074 Qare
664 975 800 1050 haec
813 973 1059 1046 Masora
1073 973 1712 1047 vocaturTextnalist
1767 974 1938 1069 Resp.
1990 973 2249 1064 Quiaea
2284 975 2345 1046 in
2383 977 2610 1051 Textu
2628 981 2742 1053 Bi·

320 1079 506 1152 blico
545 1074 762 1175 paffim
776 1075 873 1146 vel
889 1071 1101 1174 supra,
1154 1071 1250 1145 vel
1302 1069 1502 1155 infra,
1542 1073 1639 1143 vel
1661 1095 2138 1166 nonnunquam
2156 1072 2434 1146 etiamad
2455 1076 2742 1150 latusde-

320 1178 655 1261 scribitur,
705 1168 972 1271 quando
986 1194 1212 1272 nempe
1226 1171 1680 1245 commentaria
1696 1172 2156 1245 Rabbinorum
2173 1170 2507 1248 deficiunt.
2565 1180 2737 1251 Haec

324 1275 585 1357 Masora
609 1271 737 1347 fere
763 1273 999 1370 semper
1026 1271 1212 1371 supra
1243 1271 1545 1344 Textum
1579 1258 1939 1344 Hebraeum
1970 1270 2175 1343 tribus
2219 1292 2474 1346 tantum
2504 1279 2747 1374 regulis

323 1394 583 1448 ornatus
596 1371 765 1445 causa
794 1369 1206 1456 describitur,
1258 1367 1544 1445 sedinfra
1572 1367 1897 1470 saepisfime
1923 1371 2214 1469 pluribus
2246 1400 2267 1455 3
2322 1394 2520 1470 prout
2550 1380 2736 1475 copia

315 1494 616 1548 textuum
631 1474 1050 1571 allegatorum
1065 1470 1369 1565 requirit.
1421 1469 1532 1544 Ad
1560 1467 1719 1544 hanc
1745 1467 2139 1542 mediocrem
2175 1472 2497 1545 Masoram
2543 1479 2737 1551 etiam

450 1574 632 1647 inent
649 1572 1098 1672 praeliminares
1114 1570 1396 1643 Masorae
1419 1619 1441 1655 ,
1463 1594 1615 1667 quae
1627 1565 1856 1667 'passim
1874 1573 1940 1642 in
1958 1569 2278 1643 vestibulis
2290 1573 2613 1648 librorum
2630 1581 2744 1650 Bi-

308 1593 651 1747 morum
686 1690 953 1744 ornatus
985 1674 1171 1743 musa
1201 1667 1392 1743 instar
1427 1665 1781 1769 magnificae
1813 1666 2075 1759 alicujus
2122 1689 2330 1767 portae
2380 1671 2739 1764 majusculis

313 1775 514 1846 literis
526 1767 990 1845 describuntur.
1047 1772 1177 1843 Hae
1202 1770 1652 1868 praeliminares
1677 1770 1967 1852 Masorae
1997 1767 2322 1868 saepiffime
2353 1796 2491 1845 non
2525 1772 2604 1848 ad
2631 1779 2741 1849 lo..

312 1896 472 1946 cum
493 1872 597 1945 vel
616 1872 906 1943 Textum
924 1870 989 1941 ill
997 1894 1108 1942 um
1126 1921 1151 1956 ‚
1199 1865 1280 1942 ad
1297 1894 1494 1965 quem
1506 1865 1878 1942 adferuntur
1892 1920 1914 1953 ,
1971 1870 2230 1969 proprie
2246 1873 2592 1969 pertinent,
2640 1897 2737 1950 at-

305 1992 518 2073 tamen
537 1968 634 2044 ob
645 1970 923 2068 aliquam
937 1993 1166 2042 eorum
1181 1993 1206 2053 ’,
1254 1994 1408 2067 quae
1427 1968 1606 2044 ibiin
1637 1970 1868 2043 Textu
1897 1965 2215 2045 habentur
2243 2019 2266 2054 ,
2318 1974 2741 2066 qualemcun-

308 2097 440 2170 que
470 2067 878 2145 occasionem
906 2065 1310 2143 adferuntur.

411 2178 723 2249 Maxima
757 2168 1051 2254 Masora,
1105 2193 1257 2265 quae
1285 2168 1432 2243 alias
1446 2188 1677 2263 magna
1707 2161 1910 2238 finalis
1939 2162 2397 2253 denominatur
2445 2222 2468 2258 ,
2515 2175 2741 2247 multo

315 2272 505 2372 plura
515 2272 1008 2369 locaScripturae
1022 2269 1285 2343 recenset
1301 2318 1323 2351 ,
1370 2290 1570 2365 quam
1585 2262 1942 2365 praecedens
1970 2270 2277 2341 textualis.

423 2370 1174 2463 Qarevocaturfinahsi
1229 2370 1396 2469 Resp.
1444 2368 1701 2459 Qiaea
1732 2368 1798 2439 in
1831 2362 1961 2439 fine
1996 2365 2368 2440 Bibliorum
2401 2366 2628 2442 ordine
2648 2370 2735 2441 al-

319 2468 673 2569 phabetico
688 2462 988 2565 dispofita
1005 2463 1117 2539 est.
1218 2468 1386 2537 Haec
1419 2464 1675 2538 Masora
1692 2462 1821 2538 fere
1836 2468 2130 2541 continet
2144 2468 2246 2540 illa
2273 2470 2453 2552 loca,
2503 2470 2740 2567 quaein

322 2565 645 2641 mediocri
673 2568 933 2639 Masora
962 2565 1050 2638 ob
1080 2562 1248 2665 spatii
1262 2562 1607 2662 angustiam
1625 2563 1881 2666 disponi
1899 2592 2033 2640 non
2050 2583 2430 2667 potuerunt.

424 2671 552 2740 111.
606 2661 1282 2763 Hactenusegimusde
1309 2661 1509 2737 causis
1534 2667 1796 2740 internis
1824 2665 2101 2741 Masorae
2132 2717 2155 2753 ,
2209 2668 2575 2766 sequuntur
2604 2666 2737 2761 jam

308 2761 795 2840 confidemudae
811 2762 1000 2839 causae
1013 2783 1290 2838 externae
1305 2817 1326 2845 ,
1383 2766 1512 2838 scil.
1534 2763 1668 2855 ejus
1682 2769 1860 2839 causa
1874 2765 2142 2842 efficiens
2163 2775 2228 2841 δι
2246 2767 2467 2844 finalis·

411 2870 520 2939 De
550 2863 723 2940 causs
738 2860 1050 2941 efficiente
1063 2867 1347 2937 Masorae
1359 2879 1665 2962 queritur.
1767 2871 2058 2962 Qinam
2075 2869 2223 2941 sunt
2240 2871 2561 2943 Auc‘tores
2581 2867 2737 2938 Ma-

307 2963 514 3038 sora}
570 2970 662 3039 Et
687 2961 957 3062 quando
986 2963 1204 3038 eadem
1252 2962 1606 3067 conscripta
1645 2964 1781 3040 est}
2674 3043 2683 3046 ,

415 3066 763 3167 Respondeo.
811 3069 989 3139 Duae
1007 3063 1155 3137 sunt
1170 3063 1490 3137 sententiae
1521 3068 1676 3139 circa
1707 3062 1952 3138 causam
1985 3061 2367 3142 efficientem
2380 3068 2686 3142 Masorae.

257 3249 268 3256 Ἰ
354 3231 366 3240 ,
421 3172 593 3238 Prior
610 3164 907 3239 sententia
924 3162 1145 3239 statuit
1164 3163 1491 3237 Masoram
1507 3160 1623 3238 effe
1636 3167 2057 3263 conscriptam
2093 3167 2128 3237 a
2161 3165 2544 3241 Masorethis
2578 3171 2738 3268 Ty-

314 3261 750 3361 berienfibus,
796 3266 916 3360 qui
934 3262 1082 3363 post
1101 3261 1481 3338 confecium
1500 3263 1792 3358 Talmud
1826 3267 1987 3337 circa
2003 3262 2396 3339 sextumfere
2428 3267 2733 3339 saeculum

303 3362 466 3463 post
483 3366 868 3437 nativitatem
901 3361 1149 3437 Christi
1192 3367 1519 3438 vixerunt.
1620 3368 1718 3438 Hi
1734 3364 2071 3441 Dokiores
2096 3385 2415 3439 vocantur
2449 3363 2738 3442 Masore-

303 3460 439 3538 tbae
459 3465 495 3537 ὲ
513 3462 875 3565 conscripta
893 3465 1189 3548 Masora,
1236 3471 1302 3536 &
1319 3463 1839 3562 Tyberiensesab
1873 3462 2035 3535 urbe
2066 3460 2467 3563 Tyberiade‚
2518 3463 2736 3562 inqua

303 3557 750 3665 conffegasse,
801 3566 1205 3637 &Masorarn
1224 3559 1646 3663 conscripsisse
1662 3563 1995 3640 dicuntur.
2093 3568 2261 3639 Hoec
2297 3563 2482 3652 urba,
2515 3585 2743 3640 vocata

301 3661 629 3764 Tyberias
645 3666 685 3737 a
699 3665 1010 3763 Tyberio
1025 3718 1045 3748 ‚
1101 3662 1213 3736 sita
1228 3661 1358 3736 fuit
1375 3663 1439 3736 in
1455 3684 1614 3737 terra
1632 3667 1914 3742 Galilaeae
1931 3659 2010 3735 ad
2042 3667 2250 3739 lacum
2280 3664 2740 3742 Gennasareth.

297 3762 627 3867 josephus
641 3760 722 3838 dc
736 3790 807 3837 ea
818 3765 980 3839 urbe
992 3761 1224 3846 refert,
1275 3760 1469 3857 quod
1482 3762 1819 3850 HerodeS,
1865 3783 2154 3860 receptus
2171 3770 2236 3841 in
2258 3769 2567 3843 summam
2579 3769 2741 3841 ami·

307 3864 526 3937 citiam
539 3866 816 3964 Tyberii
834 3913 854 3949 ,
907 3862 984 3938 de
999 3866 1264 3936 nomine
1280 3860 1471 3961 ipfius
1488 3866 1720 3939 urbem
1738 3872 1772 3941 a
1791 3865 1848 3939 se
1864 3866 2196 3942 conditam
2224 3868 2554 3942 vocaverit
2586 3868 2742 3959 Ty-

299 3960 583 4040 beriade.
633 3971 713 4039 In
732 3970 946 4040 Novo
963 3967 1062 4040 T.
1079 3987 1551 4061 nonnunquam
1569 3963 1961 4064 Tyberiadis
1991 3967 2069 4044 fit
2095 3971 2371 4041 mentio.
2419 3960 2747 4071 Johannes

1489 4071 1597 4168 Pp
1650 4089 1692 4139 2.
2674 4083 2750 4135 m
