3416 4576
745 274 890 360 De
931 266 1295 355 Genuina‘
1328 270 1808 357 Pandoram
1842 270 2353 386 antiquitate.
2445 353 2450 356 .
2616 312 2756 396 19¹

322 439 383 491 ta
430 441 512 489 ex
562 440 647 487 eo
683 464 706 498 ‚
754 412 949 511 quod
1001 417 1262 485 Textus
1310 413 1663 488 Hebraicus
1715 441 1849 488 non
1900 415 2099 490 fuerit
2145 420 2512 515 punctatum

416 522 671 622 Qret
722 515 899 589 forte
930 538 1261 585 nonnemo
1296 541 1314 583 t
1370 512 1575 587 Unde
1609 533 1771 586 natae
1804 517 1949 589 sunt
1980 520 2101 588 illae
2131 513 2553 617 discrepantiae
2586 521 2752 592 inter

321 621 629 689 Textum
650 617 1013 689 Hebraeum
1033 610 1461 689 &versionem
1493 610 1944 688 Chaldaicam3
2000 619 2165 716 Resp.
2268 620 2491 691 Causae
2508 620 2751 690 illarum

315 715 892 815 discrepantiarum
939 714 1159 784 multae
1194 717 1261 783 δι
1290 715 1476 785 variae
1525 709 1787 810 poss‘unt
1841 711 1942 785 aff
2039 722 2150 787 ari.
2213 742 2270 789 1.
2325 722 2503 814 Qia
2548 725 2758 789 Inter·-

317 836 528 916 pretes
544 817 778 887 multis
792 818 856 886 in
875 815 1027 885 locis
1044 813 1251 883 sectati
1269 810 1416 883 sunt
1432 820 1475 893 ‚⁴
1509 809 1742 884 omisso
1760 740 2168 885 sensufferali
2188 864 2207 895 ,
2257 815 2503 890 sensum
2521 818 2755 912 allego-

324 918 545 989 ricum
570 912 1022 1013 &mysticum.
1075 926 1137 983 2.
1190 913 1368 1006 Qia
1387 910 1579 984 iidem
1595 910 1690 985 ufi
1708 909 1968 984 fuerunt
2005 914 2227 1003 Bibliis
2263 917 2587 1014 corruptis
2624 913 2761 992 five·

327 1014 573 1099 vitiose
605 1013 933 1110 punElmtis.
989 1032 1044 1102 3.
1100 1010 1278 1103 Qia
1310 1014 1693 1108 Interpretes
1720 1013 1809 1081 illi
1851 1009 2216 1103 judicarunt
2273 1013 2510 1088 sensum
2555 1014 2753 1090 alium

336 1107 1916 1205 cumantecedentibus&consequentibusmelius
1943 1113 2304 1184 convenire.
2353 1139 2421 1208 4.
2477 1116 2563 1185 ‘In
2582 1138 2754 1187 non-

337 1212 701 1285 nullislocis
714 1206 1260 1305 haecdiscrepantia
1275 1202 1533 1291 fortasse
1548 1206 1884 1282 exindeest
1914 1227 2054 1280 orta
2084 1260 2105 1294 ,
2154 1214 2306 1304 quia
2335 1209 2754 1311 Paraphmstae

330 1309 611 1410 p'ropter
631 1308 1080 1407 exemplarium
1115 1307 1588 1404 punctatorum
1619 1310 1935 1384 raritatem
1979 1332 2059 1380 ex
2092 1334 2227 1381 non
2265 1315 2573 1411 punciato
2605 1339 2747 1387 ver·
2883 1327 2914 1335 ”

326 1409 576 1484 fionem
590 1408 763 1481 suam
778 1406 1200 1480 adornarunt.

418 1513 587 1579 XII.
634 1509 959 1606 Respondao
971 1508 1041 1577 in
1059 1505 1259 1603 specie
1274 1498 1678 1597 adsidendum
1694 1501 2131 1596 objectionem
2147 1507 2421 1604 Capelli‚
2452 1510 2583 1601 quii
2598 1532 2755 1606 pro-

322 1607 446 1678 bat
459 1610 765 1678 Textum
795 1605 1160 1678 Hebraeum
1198 1627 1336 1674 non
1365 1594 1548 1674 fuisse
1572 1607 1958 1700 panelatum
1999 1657 2020 1692 ,
2068 1607 2219 1696 quia
2250 1613 2622 1703 Interpretes
2657 1610 2748 1679 illi

320 1701 740 1803 Paraplarases
754 1704 884 1777 suas
901 1726 1039 1776 non
1058 1705 1474 1802 punctatum.
1580 1705 2009 1777 Punstanoin
2044 1705 2270 1774 Textu
2306 1702 2652 1778 chaldaico
2670 1705 2751 1777 ad

322 1828 551 1878 veram
584 1801 720 1899 ejus
746 1805 1090 1877 leffionem
1108 1797 1584 1974 percipiendam
1616 1828 1752 1875 non
1785 1799 1916 1875 fuit
1943 1823 2072 1874 tam
2109 1800 2436 1875 necefl‘aria
2474 1852 2495 1886 ,
2545 1804 2752 1901 quam

327 1900 613 2003 quidem
639 1906 708 1978 in
747 1906 968 1977 Textu
1010 1906 1118 1977 He
1160 1903 1334 1976 raico
1363 1928 1388 1987 3
1458 1906 1528 1973 δι
1559 1900 1826 2000 quidem
1858 1915 2120 2003 propter
2152 1899 2258 1976 has
2290 1904 2620 1998 sequentes
2648 1930 2750 1977 ra-

316 2022 562 2077 tiones·

432 2126 493 2174 1.
545 2101 724 2194 Qia
756 2101 974 2201 lingua
989 2092 1331 2175 Chaldaica
1349 2152 1373 2186 ,
1426 2099 1559 2172 five
1585 2100 1842 2198 proprie
1870 2094 2211 2193 loquendo
2243 2099 2486 2197 Syriaca
2515 2150 2537 2183 ,
2587 2118 2754 2173 tem·-

318 2224 492 2302 pore
521 2202 861 2271 salvatoris
890 2198 1095 2276 nostri
1125 2222 1249 2274 erat
1326 2197 1531 2272 udaeis
1556 2202 1893 2272 vernacula
1922 2196 2023 2272 sed
2056 2224 2191 2272 non
2222 2200 2441 2295 lingua
2474 2199 2749 2272 Hebrai-

168 2377 181 2393 ‚
331 2324 464 2371 ca:
515 2301 944 2396 ergo-punem
972 2302 1040 2371 in
1091 2309 1242 2373 Para
1335 2296 1576 2372 rafibus
1604 2300 1718 2371 illo
1775 2319 2067 2394 ternpore
2091 2295 2173 2371 ad
2218 2300 2514 2384 Textum
2548 2296 2749 2369 Chal-

334 2396 556 2471 daeum
584 2398 741 2469 bene
789 2395 1140 2493 legendum
1170 2424 1307 2471 non
1341 2403 1521 2471 erant
1546 2417 1675 2472 tam
1732 2394 2040 2475 necessaria
2077 2446 2098 2482 ,
2135 2418 2344 2491 quam
2374 2393 2638 2490 quidem
2676 2398 2751 2468 in

335 2499 572 2570 Textu
602 2494 897 2567 Hebraeo
937 2523 956 2567 t
1009 2499 1158 2591 quia
1186 2496 1253 2570 id
1286 2496 1471 2595 quod
1509 2495 1594 2571 est
1623 2492 2042 2572 vernaculum
2072 2502 2140 2570 &
2173 2494 2470 2570 familiare
2505 2491 2748 2566 facilius
2885 2493 2899 2499 ’

343 2595 798 2694 cognoscitur,
848 2618 1042 2687 quam
1062 2594 1215 2669 illud
1232 2594 1425 2692 quod
1456 2595 1542 2671 est
1574 2600 2003 2697 peregrinum.

432 2720 496 2767 2.
547 2702 624 2766 In
645 2688 1476 2791 PamphmfibusChaldaicis
1507 2700 1670 2769 olim
1703 2698 2218 2781 inveniebantur,
2280 2701 2350 2768 ὃ(
2377 2690 2589 2767 adhuc
2619 2691 2744 2766 ho-

333 2793 435 2868 die
459 2795 526 2866 in
558 2794 889 2864 nonnullis
917 2791 1309 2867 editionibus
1338 2797 1772 2880 inveniuntur,
1791 2817 1913 2886 tres
1946 2800 2141 2871 literae
2189 2791 2403 2894 Aleph
2435 2844 2456 2878 ,
2507 2799 2651 2868 Vau
2675 2803 2744 2867 δε

327 2892 496 2997 Jod,
544 2916 693 2987 qua:
728 2910 953 2994 mati-es
981 2895 1278 2967 lefflonis
1305 2916 1662 2979 vocantur3
1718 2900 1868 2992 quia
1899 2901 2250 2970 multarum
2284 2895 2604 2967 vocalium
2641 2896 2745 2965 in-

321 2995 479 3068 dicia
491 2995 657 3064 sunt.
763 2995 925 3065 Hoc
944 2994 1069 3092 ipse
1104 2995 1400 3093 Capellus
1427 2993 1604 3067 fateri
1632 3013 1886 3072 tenetur
1920 3047 1941 3080 ‚
1989 3021 2142 3070 cum
2173 2997 2255 3068 ait
2287 3017 2423 3092 pag.
2445 3006 2552 3067 61.
2575 3003 2751 3068 Locis'

318 3095 633 3190 neceffaeriis
643 3092 1010 3188 additaefimt
1028 3111 1252 3167 matres
1266 3098 1555 3176 left'ionis‚
1607 3120 1731 3191 qua
1757 3098 1843 3170 ad
1867 3099 2180 3200 legendum
2208 3095 2391 3165 valde
2418 3119 2747 3165 accommo-

324 3193 478 3265 data
496 3202 569 3275 ὠ·
585 3192 1064 3285 utilaffimaesunt.
1121 3196 1252 3265 Hae
1266 3191 1601 3290 superflua
1618 3194 1815 3267 literae
1834 3247 1855 3279 ‚
1904 3221 2054 3289 quae
2070 3212 2389 3265 vocantur
2417 3211 2640 3262 matres
2656 3194 2744 3264 le-

330 3291 574 3364 &ionis
589 3338 609 3370 ,
625 3304 705 3359 ex
720 3288 944 3361 Bibliis
961 3294 1042 3363 Cl
1054 3343 1073 3363 .
1096 3290 1425 3365 Buxtorfii
1442 3290 1570 3365 fere
1583 3290 1794 3383 ejeetae
1811 3295 1849 3365 s
1839 3313 1960 3366 unt
1971 3346 1992 3380 ,
2044 3291 2220 3367 sedin
2235 3292 2502 3365 Venetis
2516 3288 2748 3362 editio·

320 3390 527 3462 nibus
538 3383 750 3460 adhuc
763 3391 1194 3465 inveniuntur.
1231 3397 1479 3465 Verum
1500 3388 1601 3463 hae
1618 3411 1743 3464 tres
1756 3393 1977 3478 literae,
1991 3389 2355 3466 denotantes
2374 3391 2607 3462 multas
2622 3415 2742 3461 vo-

311 3492 508 3572 cales,
560 3490 628 3559 in
649 3490 877 3558 Textu
897 3489 1148 3563 Biblico
1166 3489 1950 3573 rariffimeinveniuntur,
2001 3494 2185 3564 etiam
2217 3491 2625 3575 inillislocis,
2676 3494 2743 3566 iu
2881 3537 2885 3542 ·

315 3589 565 3684 quibus
578 3584 946 3659 maximead
964 3593 1259 3664 Textum
1275 3592 1433 3665 bene
1446 3588 1790 3686 legendum
1807 3586 1997 3664 effent
2013 3586 2352 3663 neceffiriae
2373 3617 2392 3658 t
2445 3613 2604 3687 ergo
2624 3615 2747 3663 vo·

315 3690 473 3760 cales
487 3685 755 3759 fuerunt
768 3688 968 3784 magis
1003 3684 1343 3765 necessariae
1360 3695 1428 3763 in
1449 3693 1673 3762 Textu
1691 3689 1985 3762 Hebraeo
2003 3692 2204 3785 quam
2222 3692 2287 3761 in
2303 3686 2645 3764 Chaldaeo·

421 3809 482 3878 3.
535 3785 744 3878 Iudaei
769 3809 1000 3858 verum
1031 3789 1171 3861 sens
1165 3813 1279 3862 um
1316 3784 1792 3883 Paraphrasium
1823 3790 2044 3888 quoad
2092 3792 2332 3888 pundm
2382 3809 2658 3886 potueru
2669 3807 2744 3859 nt

315 3885 387 3957 in
409 3871 625 3958 multis
640 3887 802 3957 locis
818 3887 1038 3959 elicere
1053 3911 1134 3960 ex
1153 3892 1378 3961 Textu
1406 3888 1740 3961 Hebraico
1777 3939 1798 3972 ‚
1849 3915 2046 3982 quem
2065 3892 2253 3961 etiam
2292 3888 2616 3959 continuo
2655 3889 2745 3954 le·

306 3985 592 4082 gebant,
640 3991 707 4057 &
740 3981 890 4086 post
924 3983 1112 4078 cujus
1142 3987 1484 4065 leffionem
1517 3989 1585 4062 in
1617 3992 1979 4089 synagogis
2010 3992 2307 4063 Textum
2325 3983 2743 4059 Chaldaicum

302 4081 653 4161 addebant.
798 4181 799 4184 Ἴ
2489 4103 2551 4174 4.
2606 4087 2742 4153 Po-
