3416 4576
592 193 1421 299 QtAEsT.Q1AEDAM
1445 189 2006 277 GEmRALEs
2023 204 2552 293 ech‘er.
2706 223 2811 300 81·
2909 291 2927 309 .

302 327 546 423 Jebova
566 326 1017 428 pronuntiare:
1059 353 1211 399 nam
1250 325 1317 399 in
1359 329 1514 411 *2³1
1558 327 1698 403 sunt
1718 349 1844 401 tres
1883 331 2137 409 diversae
2159 331 2501 426 consoni,
2540 374 2809 448 quarum

304 447 390 500 ne
410 453 598 500 unam
618 421 968 527 agnoscunt
993 425 1265 510 Graeci„
1304 429 1470 500 Non
1504 428 1680 502 enim
1723 424 1956 501 habent
1995 433 2062 506 in
2100 440 2158 508 al
2209 438 2439 514 habeto
2466 444 2800 537 literath

302 550 436 597 non
458 524 704 597 literam
723 521 847 616 Jod
869 568 891 604 ‚
933 544 1035 594 aut
1071 524 1314 596 literam
1334 550 1378 596 v
1396 569 1421 605 ,
1457 526 1572 600 nili
1593 528 1865 604 vocales.
1912 529 2092 605 Hinc
2190 538 2332 612 raeci
2355 566 2659 619 vocarunt
2679 574 2803 624 no·-

303 647 454 695 men
477 622 719 716 Jehova
740 618 1138 711 οἶνειιφαῖνηῚον
1160 625 1478 720 ineffabile.

405 747 471 799 2.
521 723 817 793 Econtra
839 721 1153 819 pontificii
1175 768 1199 804 ,
1240 719 1470 795 Lat'iru}
1491 719 2071 833 scribentesJesm,
2105 731 2645 840 interponuntH,
2693 744 2802 817 mli

306 819 511 892 modo
532 821 704 894 IHS.
1229 862 1239 869 ·

266 991 269 992 ⁷
401 919 666 1017 Qare?
698 912 1190 992 Verofimile'est
1226 917 1541 1020 originem
1583 921 1670 993 ita
1710 917 2021 999 scribendi
2056 948 2271 1004 natam
2307 933 2434 1007 esse
2465 937 2594 1010 ant‘
2640 939 2799 1014 uitus

303 1037 386 1085 ex
408 1014 761 1116 ignorantia
782 1014 1095 1087 literarum
1119 1015 1490 1089 Graecarum
1510 1015 2000 1112 majuscularum.
2052 1030 2235 1100 Nam
2255 1027 2299 1099 fi
2321 1031 2488 1122 Jesus
2509 1034 2623 1108 scn
2668 1059 2803 1113 πω·

299 1109 646 1206 majusculis
666 1112 855 1184 literis
873 1161 894 1195 ‚
930 1114 1038 1185 tali
1060 1112 1260 1186 modo
1279 1112 1439 1186 solet
1458 1116 1524 1215 p'
1620 1117 1633 1131 ⁶
1660 1131 1993 1199 ΙΗΣΟΥΣ.
2045 1123 2164 1197 Sed
2183 1126 2426 1202 indoffi
2445 1179 2469 1213 ‚
2553 1156 2795 1209 utantes
2825 1192 2834 1202 .

182 1267 188 1280 ,
300 1223 359 1281 Η
383 1209 553 1307 (εἶτα)
562 1209 956 1305 majusculum
971 1209 1091 1283 effe
1111 1227 1166 1284 Η
1184 1212 1576 1296 Latinumn'i
1619 1238 1801 1290 entur
1819 1220 1970 1295 illud
1988 1247 2233 1298 nomen
2255 1228 2485 1301 Latine
2540 1228 2788 1308 triben-

299 1329 397 1382 tes
423 1334 532 1409 per
564 1307 605 1379 h
626 1305 993 1407 express'iffe.
1063 1326 1070 1334 '

401 1411 481 1481 Χ.
535 1400 782 1479 Decima
799 1413 1085 1502 quaritur
1103 1433 1128 1480 .·
1155 1411 1374 1508 Qare
1393 1405 1632 1483 duobus
1654 1413 1866 1489 modis
1889 1414 2167 1493 scribitur
2185 1419 2424 1509 Moses,
2446 1424 2578 1502 scil.
2597 1429 2790 1526 Moses

294 1513 367 1581 &
388 1505 641 1606 Moyses,
663 1529 811 1576 cum
829 1505 896 1574 in
915 1504 1201 1579 Hebraeo
1223 1504 1480 1579 tannim
1496 1506 1789 1583 habeatur
1808 1515 1967 1595 ΓΨὍ
1989 1520 2227 1630 Mofithe·
2247 1531 2283 1596 ἕ

392 1605 744 1772 Rrpondeo.
799 1602 1013 1702 Origo
1046 1604 1340 1677 exarandi
1358 1603 1488 1675 hoc
1528 1633 1770 1680 nomen
1792 1610 2029 1686 duobus
2051 1616 2260 1690 modxs
2302 1638 2445 1693 nata
2461 1619 2556 1695 est
2573 1647 2651 1697 ex
2672 1623 2788 1698 du·-

295 1702 447 1801 plici
492 1724 580 1771 cn
655 1700 827 1780 ione,
849 1698 1067 1773 usitati
1089 1701 1158 1774 in
1171 1702 1392 1778 Veteri
1413 1709 1480 1775 δι
1494 1709 1590 1782 Ν.
1612 1709 1705 1794 T.
1733 1708 1976 1782 Graeco
1992 1740 2013 1783 ε
2036 1738 2186 1788 nam
2208 1721 2632 1792 communiter
2649 1723 2794 1822 qui·

294 1799 448 1871 dem
467 1795 581 1870 scri
627 1796 747 1869 itur
770 1809 1011 1884 Μωσῆς,
1039 1799 1210 1924 quod
1232 1800 1460 1873 Latine
1479 1801 1573 1875 est
1588 1807 1805 1903 Molis,
1821 1829 1896 1880 ut
1917 1811 2071 1887 A&
2091 1837 2157 1907 7,
2189 1840 2302 1894 20,
2326 1814 2432 1889 sed
2449 1819 2789 1918 aliquando

294 1896 488 1968 etiam
510 1895 781 1992 occurrit
819 1892 930 1969 sub
963 1899 1087 1969 alia
1119 1895 1334 1970 forma
1377 1923 1525 1972 cum
1560 1901 1921 2003 interposita
1966 1912 2171 1983 vocali
2193 1913 2464 2013 Ypfilon
2483 1961 2507 1997 2
2547 1925 2615 1991 Bc
2648 1939 2785 1994 tum
2907 1989 2910 1998 ,

288 1991 573 2068 scribitur
595 1998 870 2077 Μυῦαῆς,
893 1994 1064 2095 quod
1083 1995 1315 2069 Latine
1337 1996 1432 2069 est
1455 2001 1700 2100 Moyses.
1756 2004 1928 2080 Vide
1947 2011 2100 2084 Λᾶ.
2123 2018 2191 2092 6,
2225 2033 2334 2110 ¹4·

304 2109 307 2114 ·
388 2097 453 2164 X
471 2100 525 2170 L
597 2091 918 2167 undecim)
952 2101 1235 2191 quaritur
1257 2122 1281 2167 .·
1343 2100 1563 2195 Qnre
1599 2099 1808 2198 plures
1846 2103 2031 2177 variae
2071 2109 2373 2183 leffiones
2410 2108 2783 2213 irrepserunt
2865 2145 2876 2162 ¹*

292 2192 362 2264 in
386 2196 659 2264 Novum
680 2195 775 2263 T.
802 2191 1000 2293 quam
1020 2194 1088 2265 in
1107 2198 1355 2269 Vetus?
2031 2253 2040 2260 -
2263 2249 2273 2262 ·
2411 2257 2416 2268 .

393 2293 744 2387 Respondet».
801 2313 859 2365 ι.
880 2295 1152 2373 Novum
1164 2298 1259 2370 T.
1294 2290 1565 2368 nonfuit
1601 2295 2083 2401 circumseptum
2107 2303 2365 2380 Masora
2385 2352 2409 2388 ,
2447 2305 2625 2382 ficuti
2645 2318 2783 2387 Ve-

290 2410 394 2461 tus
412 2392 507 2463 T.
545 2391 726 2460 Nam
744 2386 940 2478 Judaei
958 2411 1354 2465 numerarunt
1374 2408 1598 2467 omnes
1619 2396 1825 2470 literas
1843 2446 1867 2483 ,
1905 2398 2105 2474 versus
2122 2450 2146 2486 ,
2186 2430 2374 2478 voces
2390 2463 2413 2491 ‚
2455 2410 2687 2506 punsta
2708 2418 2780 2485 &

290 2509 522 2559 ornnes
545 2482 673 2556 fere
705 2485 1175 2586 irregularitatoe
1215 2490 1283 2561 in
1324 2511 1499 2565 textu
1535 2493 1824 2569 Hebraeo
1865 2504 2275 2576 occurrentes.
2333 2504 2398 2579 Si
2435 2506 2658 2580 vitium
2696 2533 2778 2584 ex

289 2581 616 2656 oscitantia
652 2577 866 2656 scribae
897 2584 967 2659 in
1003 2607 1249 2660 textum
1289 2588 1612 2702 irrepsisset
1640 2641 1664 2678 ‚
1720 2593 1931 2671 statim
1989 2603 2378 2677 recurrebant
2432 2604 2508 2676 ad
2550 2605 2776 2679 Maso-

289 2707 430 2755 ram
445 2739 464 2768 ,
512 2689 582 2756 &
633 2677 981 2759 secundeum
1029 2711 1171 2762 eam
1222 2689 1666 2767 examinabant
1683 2739 1708 2777 ,
1765 2702 1839 2769 δι
1899 2698 2296 2801 corrigebant
2349 2726 2580 2779 vocem
2627 2703 2777 2779 scri-

294 2800 495 2952 Ρωτῗι.
504 2885 705 2955 vetus
726 2885 815 2956 T.
843 2907 977 2957 non
999 2885 1203 2983 potuit
1227 2907 1362 2960 tam
1380 2883 1563 2962 facile
1581 2893 1937 2993 corrumpi:
1976 2897 2117 2995 quia
2136 2897 2296 2970 intra
2316 2899 2592 3000 privatos
2610 2897 2776 3070 7⁰²ss

176 3048 183 3057 ,
291 2977 557 3077 parietes
578 2975 928 3054 servabatur
946 2978 1025 3053 ab
1045 2983 1225 3054 unica
1244 2985 1504 3060 natione
1517 2991 1791 3079 Judaica.
1810 2991 1930 3067 Sed
1954 2998 2225 3069 Novum
2244 3001 2338 3074 T.
2353 2994 2471 3071 fuit
2492 3022 2617 3068 con
2645 2999 2769 3071 cri-

290 3096 472 3173 ptum
503 3076 572 3146 in
748 3081 763 3095 '
805 3106 873 3151 m
907 3079 1200 3150 omnium
1247 3082 1577 3158 nationum
1592 3134 1616 3170 ‚
1653 3090 1954 3164 varietate
1992 3092 2339 3194 linguarum
2379 3104 2448 3170 &
2485 3097 2774 3171 locorum

292 3171 575 3245 multum
642 3174 655 3189 ’
855 3176 1034 3246 tium.
2073 3242 2078 3249 .

389 3291 445 3362 3.
502 3274 703 3342 vetus
723 3272 813 3345 Τ.
838 3269 950 3344 fuit
970 3269 1349 3374 exscriptum
1368 3277 1583 3364 rarius,
1610 3289 1681 3355 δε
1698 3282 1830 3357 fere
1850 3280 2160 3361 tantuma
2175 3288 2398 3381 Judaeis
2416 3338 2439 3374 ‚
2460 3293 2674 3393 quibus
2696 3322 2768 3371 m

284 3368 376 3440 lin
427 3391 500 3438 ua
518 3365 682 3439 olim
701 3365 814 3442 fuit
836 3374 1155 3443 vernacula
1175 3420 1196 3454 ,
1237 3382 1307 3448 &
1352 3378 1476 3449 ‘am
1509 3374 1641 3454 fere
1671 3382 1756 3453 ita
1796 3378 2110 3458 familiaris
2127 3412 2196 3459 ac
2220 3385 2263 3458 fi
2283 3385 2413 3463 fere
2449 3399 2770 3471 vernacula

378 3485 461 3537 et.
521 3464 641 3537 Sed
665 3471 937 3540 Novum
956 3472 1051 3545 T.
1080 3465 1195 3542 fuit
1232 3402 1611 3588 exsitriftum
1632 3479 1851 3580 saepius
1887 3483 1955 3555 in
1989 3486 2255 3585 gratiam
2290 3491 2623 3568 multarum
2657 3521 2772 3568 na-

165 3570 177 3583 '
286 3565 536 3635 tionum
558 3565 1003 3665 recipientium
1013 3567 1161 3647 illud
1183 3600 1205 3656 ;
1246 3578 1315 3643 δε
1335 3573 1589 3673 quidem
1607 3577 1644 3651 a
1664 3577 1878 3653 scribis
1896 3639 1918 3668 ,
1946 3583 2165 3683 quibus
2185 3586 2394 3689 lingua
2413 3588 2646 3665 Graeca
2667 3596 2771 3673 vel

288 3686 423 3733 non
443 3682 578 3732 tam
600 3658 916 3738 familiaris
939 3659 1074 3751 fisit,
1105 3670 1204 3738 vel
1224 3664 1355 3741 fere
1376 3671 1616 3773 ignota.

385 3760 535 3832 XII.
588 3759 948 3855 Duodecim)
969 3772 1253 3859 quaritur
1272 3796 1296 3841 .·
1330 3774 1557 3869 Quare
1589 3775 1872 3849 authores
1889 3778 2076 3858 Novi
2094 3773 2183 3859 T.
2208 3785 2546 3890 allegantes
2566 3806 2774 3859 textu:

283 3879 364 3929 ex
385 3857 611 3935 veteri
633 3862 728 3939 T.
746 3886 1069 3966 nunquam
1087 3865 1359 3966 allegent
1375 3870 1579 3969 capita
1594 3894 1697 3947 aut
1719 3875 1954 3952 versus?

594 4012 601 4019 l
1640 4026 1645 4031 .
1746 3974 1827 4046 M
2586 4036 2590 4040 .
2652 3991 2780 4054 Re..
