3416 4576
678 284 841 362 224
1119 255 1197 334 D
1260 246 1504 334 1ss
1563 254 1629 339 E
1682 198 1888 332 m
1940 238 2144 341 AT.
2195 244 2232 329 1
2289 247 2369 331 o
2475 244 2706 330 xlx.

682 412 811 466 tem
831 447 853 483 ,
906 394 1136 493 procul
1156 389 1364 465 dubio
1382 397 1444 465 S.
1459 380 1781 490 Scriptura
1809 384 2063 464 dedisset
2092 392 2364 486 aliquam
2377 392 2693 462 rationem
2711 436 2735 472 ‚
2786 388 2882 462 ob
2898 409 3099 488 quam

683 490 814 566 hoc
846 494 1310 590 nomenmagis
1344 488 1728 590 impositum*
1755 484 1963 561 fuisset
1994 485 2269 587 Phalego
2303 538 2324 571 ‚
2372 488 2716 585 quamaliis
2748 506 2896 562 tum
2931 514 3101 567 tem·

684 597 861 689 poris
876 594 1275 665 viventibus:
1328 590 1433 665 sed
1446 593 1620 662 nulla
1651 586 1934 687 affignari
1962 587 2177 687 potest
2201 591 2394 662 ratio.
2449 586 2739 681 Ideoque
2765 591 3103 669 verosimi-

686 692 816 763 lior
831 690 919 765 est
934 694 1032 764 illa
1050 691 1376 776 sententia,
1426 716 1576 784 quae
1597 688 1813 761 statuit
1828 686 2100 786 Phalego
2120 685 2502 787 impolitum
2528 683 2649 759 effe
2680 712 2928 764 nomen
2960 718 3101 769 non

685 792 844 864 circa
877 790 1147 865 mediam
1179 789 1610 880 ejusaetatem,
1659 785 1763 858 sed
1792 789 1951 860 circa
1983 788 2386 860 nativitatem.

686 930 703 939 -
781 880 1046 963 X-Vm.
1097 895 1348 961 Contra
1377 886 1538 961 hanc
1571 887 1933 961 sententiam
1965 905 2091 957 tres
2124 886 2460 984 objeffiones
2490 881 2756 987 possunt
2788 883 3056 972 formari
3075 945 3098 980 ‚

681 1013 963 1084 quarum
1005 1000 1210 1085 prima
1254 985 1578 1086 desumpta
1613 984 1704 1057 est
1742 988 1778 1056 a
1809 988 2121 1058 contraria
2165 982 2557 1086 Judaeorum
2587 987 3092 1079 consuetudine3

686 1090 812 1158 scil.
828 1086 1019 1183 quod
1034 1113 1169 1159 non
1203 1106 1455 1161 tantum
1492 1087 1759 1158 nomina
1789 1086 2210 1183 imponantur
2237 1087 2447 1183 pueris
2475 1089 2640 1158 circa
2667 1088 3099 1178 nativitatem,

682 1183 982 1259 sedetiam
995 1188 1518 1286 provestioribus
1530 1188 1686 1257 circa
1700 1182 1974 1256 mediam
1987 1201 2236 1257 aetatem
2258 1233 2281 1267 ,
2329 1187 2469 1256 imo
2499 1188 2688 1259 etiam
2725 1186 2892 1256 circa
2919 1212 3101 1261 mor-

685 1302 845 1357 tem.
898 1291 1134 1383 Ex.gr.
1156 1288 1301 1359 Saul
1322 1308 1562 1356 nomen
1578 1286 1812 1381 accepit
1826 1284 1987 1354 circa
2017 1280 2292 1355 mediam
2324 1302 2574 1356 aetatem
2595 1335 2616 1369 ,
2667 1308 2823 1357 cum
2858 1286 2927 1358 in
2966 1291 3102 1365 Re-

684 1406 835 1487 gem
850 1387 1227 1484 eligeretur.-
1257 1387 1400 1456 Saul
1412 1380 1585 1456 enim
1606 1379 1776 1455 idem
1792 1379 2102 1481 fignificat
2115 1379 2635 1483 quodpqstulaetns
2649 1436 2665 1460 ,
2691 1394 2943 1481 petitus.
2961 1392 3101 1461 An·

685 1501 948 1578 tequam
963 1488 1106 1556 Saul
1125 1488 1193 1557 in
1212 1487 1461 1580 Regem
1477 1484 1712 1562 eleaus
1726 1480 1893 1566 fuit,
1942 1485 2046 1555 tali
2077 1483 2506 1554 nominenon
2546 1480 2808 1556 videtur
2839 1483 3100 1583 insigni-

686 1601 815 1655 tus.
912 1578 1021 1655 Sic
1034 1588 1218 1655 etiam
1238 1578 1595 1682 Apostolus
1609 1584 1874 1662 Paulus,
1913 1581 2254 1677 postquam
2273 1578 2475 1653 fastus
2501 1578 2646 1659 esset
2676 1577 3098 1670 christianus,

686 1700 959 1754 vocatus
973 1681 1066 1754 est
1085 1684 1318 1755 Paulus
1336 1732 1357 1765 ‚
1408 1706 1559 1755 cum
1576 1701 1746 1755 antea
1759 1700 2094 1755 vocaretur
2108 1681 2292 1766 Saul,
2343 1682 2678 1756 Actorum
2706 1702 2847 1779 cap.
2864 1707 2934 1771 9.
2951 1688 3095 1760 Sua

687 1786 876 1866 Saul,
923 1783 1075 1879 quid
1084 1785 1582 1879 mcpersbqueric}
2873 1796 2880 1799 ’
2975 1812 2980 1819 ·

700 1916 709 1923 ·
790 1881 1129 1978 Respondeo.
1184 1882 1432 1951 Verum
1463 1877 1733 1975 quidem
1761 1878 1850 1955 est
1883 1877 2072 1975 quod
2103 1878 2452 1977 aliquando
2504 1882 2767 1955 nomina
2796 1876 3098 1976 impolita

691 1974 816 2047 fint
834 1973 1238 2057 hominibus
1283 1980 1387 2049 vel
1406 1981 1645 2075 Potiu&
1654 2000 1912 2052 ‘mutata
1926 1985 2085 2054 circa
2115 1979 2388 2055 mediam
2404 1997 2687 2053 aetatem:
2738 1976 2843 2052 sed
2857 1975 3105 2051 hocfa·

689 2076 873 2146 &um
887 2066 1005 2147 eff
995 2075 1088 2146 ob
1107 2074 1431 2173 specialem
1454 2081 1770 2151 ‘rationem
1792 2130 1813 2173 ‚
1864 2104 2016 2173 quae
2030 2083 2174 2152 illos
2201 2085 2521 2181 praecipue
2547 2078 2848 2174 ungebat.
2959 2081 3108 2150 Ve-

687 2195 842 2246 rum
877 2175 1045 2249 nulla
1076 2174 1286 2274 potest
1313 2172 1598 2274 assignari
1629 2179 1791 2249 ratio
1825 2227 1848 2261 ‚
1898 2180 1994 2251 ob
2025 2203 2222 2276 quam
2237 2176 2603 2278 Phaleghoc
2618 2199 2860 2251 nomen
2893 2177 3108 2274 magis

686 2268 1006 2371 accepisset
1026 2325 1053 2370 ,Ἴ
1095 2274 1978 2376 quamcaeteriipfiusfratres.
2079 2278 2492 2353 SedSaul‘tali
2520 2280 2783 2351 nomine
2802 2272 3105 2349 fuitinfi·

683 2377 907 2470 gnitus
926 2426 947 2460 ,
999 2376 1155 2471 quia
1185 2374 1473 2450 Isra'e'litae
1488 2381 1738 2475 Regem
1772 2378 2072 2474 petebant
2105 2429 2127 2463 ‚
2177 2402 2287 2478 per
2317 2381 2512 2473 quam
2543 2378 2935 2477 petitionem
2951 2377 3103 2450 Saul

688 2475 703 2488 ’
755 2470 829 2546 fis
846 2473 1328 2566 concedebatur.
1376 2477 1532 2548 Fuit
1545 2479 1731 2549 etiam
1748 2478 2187 2575 specialisratio
2205 2530 2225 2558 ,
2261 2477 2360 2548 ob
2371 2502 2569 2573 quam
2588 2479 2889 2574 gentium
2910 2480 3105 2573 Apo-

682 2496 1056 2643 ffolusloco
1075 2576 1271 2644 Saulis
1283 2573 1495 2671 postea
1526 2595 1795 2647 vocatus
1824 2575 1953 2649 fuit
1968 2579 2199 2648 Paulus
2228 2625 2251 2659 ‚
2299 2574 2478 2671 quafi
2514 2573 2814 2674 pusillus.
2920 2580 3100 2648 Nam

684 2671 916 2741 Paulus
930 2693 1172 2756 nomen
1204 2670 1391 2741 suum
1422 2669 1772 2743 secundum
1810 2673 2344 2746 consuetudinem
2367 2672 2761 2748 -Iudaeorum
2789 2676 3092 2747 mumvit.

710 2791 721 2798 “
784 2760 1175 2868 Judaei-olim
1208 2790 1677 2864 nonnunquam
1722 2774 1986 2844 nomina
2015 2773 2116 2845 sua
2144 2793 2490 2848 mutarunt
2518 2773 2613 2846 ob
2646 2799 2841 2849 unam
2869 2798 2944 2844 ex
2975 2773 3100 2843 tri-

685 2861 804 2934 bus
821 2862 1225 2955 sequentibus
1243 2867 1620 2940 rationibus.
1680 2892 1737 2941 1.
1792 2871 2202 2945 Obmorbos
2215 2873 2643 2969 periculosos,
2698 2875 2819 2968 qui
2850 2893 3104 2969 corpo-

681 2987 750 3032 ra
768 2960 1133 3034 invaserant.
1185 2965 1461 3060 AEgroti
1476 2962 1597 3040 hz'ic
1614 2972 1974 3042 mutatione
1989 2969 2271 3043 nominis
2287 2967 2650 3046 indicabant
2666 2973 3102 3046 mutationem

680 3053 1225 3153 effesequuturam
1261 3065 1361 3134 vel
1376 3061 1453 3136 ad
1488 3067 1725 3151 vitam,
1776 3070 1880 3140 vel
1909 3065 1987 3140 ad
2002 3089 2308 3142 mortem.

710 3191 723 3198 -
790 3180 851 3228 ιι.
904 3166 978 3230 In
1013 3155 1265 3256 signum
1283 3165 1656 3236 mutationis
1672 3159 1823 3238 v'itae
1858 3170 2179 3240 anteastae.
2278 3171 2430 3242 Hac
2461 3174 2823 3244 mutatione
2851 3164 3102 3242 indica·

686 3253 840 3326 bant
855 3254 914 3326 se
930 3254 1128 3329 ficere
1145 3279 1380 3334 votnm
1396 3314 1416 3347 ,
1465 3287 1608 3357 quo
1626 3262 2011 3338 testabantur
2030 3273 2099 3339 &
2119 3268 2441 3340 vovebant
2459 3268 2520 3340 se
2533 3274 2669 3343 'una
2685 3294 2836 3342 cum
2877 3271 3106 3341 nomi·

681 3376 765 3422 ne
778 3357 968 3426 vitam
986 3360 1322 3432 anteactam
1341 3363 1407 3432 in
1424 3364 1648 3433 melius
1662 3359 1782 3434 effe
1796 3385 2339 3451 commutaturus,
2379 3369 2468 3439 ita
2486 3389 2563 3440 ut
2576 3372 2754 3467 plane
2768 3369 2868 3439 alii
2887 3376 2953 3440 &
2974 3392 3100 3439 no-

681 3453 750 3526 vi
772 3447 1459 3550 homincsviderentur.
1567 3461 1686 3533 Ob
1701 3458 1859 3533 hanc
1875 3460 2204 3536 secundam
2237 3469 2553 3540 rationem
2589 3466 2847 3541 videtur
2864 3468 3098 3539 Paulus

678 3547 1195 3625 mutaffenomen
1217 3555 1440 3641 suum3
1500 3555 1680 3653 quali
1720 3556 2023 3632 voluiss'et
2050 3559 2370 3643 indicasse,
2406 3569 2550 3638 Saul
2589 3564 2861 3660 quidem
2898 3564 3102 3666 perse-

681 3648 1399 3742 quutusestecclefiam,
1458 3680 1592 3729 non
1629 3682 1785 3730 vero
1817 3662 2089 3743 Paulus;
2142 3659 2269 3750 jam
2302 3661 2436 3733 sum
2469 3666 2626 3735 alius
2661 3662 2926 3749 homo>
2964 3662 3098 3754 inm

677 3770 812 3819 non
826 3747 1420 3915 amspliusecclefiam
1440 3752 1681 3827 Christi
1698 3757 2045 3854 persequar.
2143 3768 2259 3833 Per
2291 3764 2722 3834 mutationem
2759 3787 2922 3860 ergo
2964 3787 3098 3834 no-
3147 3841 3162 3854 ,

677 3847 868 3919 minis
927 3847 993 3916 ui
1024 3849 1090 3922 in
1118 3853 1496 3924 memoriam
1528 3855 1856 3927 revocabat
1890 3856 2363 3956 turpitudinem
2393 3858 2961 3933 &detestationem
2995 3864 3102 3933 vi·

671 3964 755 4016 τε
789 3947 1083 4017 anteaetae
1104 3997 1128 4025 ‚
1185 3953 1252 4017 δι
1276 3946 1471 4020 simul
1500 3949 1678 4044 quali
1705 3954 1892 4026 tacite
1922 3959 2343 4058 pollicebatur
2370 3956 2584 4034 senon
2619 3963 2895 4062 amplius
2923 3961 3086 4032 inam

670 4041 982 4119 ecclesiam
1001 4046 1083 4118 ita
1097 4047 1640 4146 persequuturum
1657 4047 1797 4128 effe.
2827 4083 2887 4156 3.
2938 4058 3092 4156 Qi
