3416 4576
652 277 659 312 ³
726 245 874 343 'De
907 245 1374 365 integritate
1414 245 1725 333 Textus
1762 240 2145 338 Hebraici
2178 243 2274 333 V.
2289 244 2382 334 T.
2403 222 2438 282 Ὗ
2619 286 2659 365 3
2674 253 2770 367 83
2807 241 2810 248 ’

351 421 485 477 mm
497 390 852 497 Judaicum
870 395 1297 490 depravatum.
1347 390 1466 461 Ob
1478 386 1638 468 hanc
1653 371 1896 462 caiufam
1933 411 2138 487 operae
2168 388 2448 487 pretium
2466 384 2784 478 duximus
2904 420 2908 424 ’

344 497 623 597 penitius
658 490 981 566 Codicem
1016 491 1367 563 Hebraeum
1401 490 1752 562 examinare
1781 543 1802 571 ,
1851 495 1925 561 ‘&
1962 489 2282 582 inquirere
2320 515 2337 558 ε
2393 491 2501 558 An
2534 486 2773 561 Codex

348 596 677 670 Hebraeus
702 595 809 665 ‘vel
846 589 1079 679 injuria
1114 589 1412 685 temporis
1442 637 1465 670 ,
1514 607 1623 660 aut
1651 587 2044 691 Judaeorum
2068 589 2300 660 malitia
2316 588 2402 658 ita
2431 606 2775 686 corruptus

348 694 470 780 fit,
520 699 684 769 utin
702 687 1159 766 controversi-is
1174 710 1403 758 norma
1422 685 1940 770 fidei&morum
1955 680 2075 774 effe
2090 704 2388 782 nequeat.
2492 684 2774 760 Pontifi-

355 798 435 867 cii
467 794 530 868 id
558 792 916 872 affirmant,
968 810 1448 883 nosnegamus.
1673 848 1679 853 .
2731 837 2736 842 .

451 902 548 969 ΙΙ.
604 897 716 967 Ut
729 888 1006 988 questio
1018 886 1651 983 meliusintelligatur-
1670 935 1694 970 ‚
1743 881 2077 984 priushaec
2096 883 2420 980 sequentia
2434 885 2780 984 praemitte-

212 1059 215 1064 .
351 1009 527 1071 mus,
602 1059 607 1062 .
670 1045 684 1062 Α.

458 1107 523 1163 '1.
568 1088 866 1179 Quando
910 1081 1310 1160 defendimus
1351 1088 1652 1156 Textum
1714 1083 2072 1157 Hebraeum
2120 1077 2239 1155 effe
2285 1081 2776 1183 incorruptum,

350 1210 504 1262 tum
520 1212 652 1260 non
669 1189 1008 1284 loquimur
1017 1183 1100 1257 de
1117 1182 1601 1283 particularibus
1614 1181 1985 1257 Codicibus
2021 1181 2382 1269 Hebraicis,
2424 1185 2490 1254 in
2508 1207 2678 1277 quos
2689 1179 2779 1254 fa-

355 1290 480 1362 cile
518 1281 748 1360 malitia
777 1279 1215 1382 quorumdam
1249 1282 1748 1382 depravatorum
1781 1273 2095 1355 nonnulla
2131 1281 2286 1353 vitia
2331 1276 2607 1380 »irrepere

360 1403 656 1460 ruerunt:
708 1412 809 1460 ex.
824 1408 926 1485 gr.
979 1388 1193 1479 Genefi
1209 1405 1267 1475 3.
1295 1405 1400 1477 15.
1418 1383 1486 1453 in
1508 1381 2243 1456 Bibliisinterlinearibus
2269 1379 2441 1480 apud
2472 1304 2779 1454 chfiffi

348 1485 633 1588 phorum
648 1488 1014 1559 Plautinum
1034 1489 1125 1557 A.
1151 1504 1347 1577 1572.
1376 1477 1659 1566 excusis,
1707 1505 1831 1580 pro
1865 1486 2181 1578 mnr'pst,
2231 1483 2296 1552 in
2315 1482 2577 1580 gratiam
2607 1481 2778 1556 Vul-

342 1602 506 1685 gatae
521 1582 858 1657 Verfionis
873 1634 894 1669 ,
911 1586 1015 1652 ⁸³³}
1030 1636 1049 1664 ,
1081 1585 1224 1684 ipsa,
1245 1598 1324 1653 ut
1340 1577 1766 1654 excuderetur
1784 1629 1805 1666 ,
1822 1601 2116 1654 curatum
2132 1579 2512 1664 fuit,addito
2528 1581 2775 1652 circul’o
2876 1667 2882 1672 ξ

347 1685 845 1757 variaeleffionis
862 1683 1022 1756 nota
1035 1735 1057 1764 ‚
1111 1706 1179 1754 ac
1198 1678 1247 1753 fi
1263 1682 1437 1754 litera
1452 1686 1589 1755 Van
1608 1681 1721 1753 scri
1768 1701 1827 1754 ta
1844 1676 2055 1753 fuisset
2073 1684 2223 1754 loco
2246 1680 2408 1781 Jod.
2448 1682 2612 1752 Haec
2630 1697 2780 1754 cor-

202 1799 207 1804 ‘
354 1785 641 1881 ruptela,
692 1780 922 1883 insigni
939 1781 1195 1894 insuper
1209 1783 1376 1854 vitio
1390 1799 1713 1880 typograp
1764 1783 1869 1854 ico
1889 1783 2072 1857 aucta
2106 1780 2206 1851 Μ’]
2235 1805 2358 1881 pro
2392 1780 2487 1847 *Ψ
2523 1783 2779 1864 {inlu-

346 1871 774 1980 cemprodiit.
824 1880 949 1954 Sed
968 1880 1163 1973 hujus
1193 1878 1478 1980 pudendi
1507 1878 1809 1954 facinoris
1840 1879 2055 1981 postea
2084 1880 2464 1957 Pontificios
2496 1878 2773 1979 puduit,

342 1983 566 2078 quiin
602 1984 879 2056 reiterata
907 1978 1192 2056 editione
1223 1981 1316 2056 A.
1357 1981 1539 2075 1584.
1576 1978 2261 2078 prifflnamleetionem
2283 1994 2437 2065 mn
2464 1985 2577 2085 ipſs
2601 1978 2783 2054 resti-

341 2098 637 2155 tuerunt.
1532 2103 1549 2114 ”
2383 2123 2388 2127 ·

446 2177 639 2253 Hanc
650 2175 1114 2280 impudentiam
1128 2177 1374 2279 superat
1393 2176 1608 2255 adhuc
1625 2177 1737 2252 alia
1751 2232 1774 2265 ,
1829 2197 2025 2276 ‘quam
2045 2177 2480 2256 adhibuerunt
2507 2181 2584 2254 -in
2614 2178 2777 2255 Psal-

348 2275 518 2352 terio
533 2281 761 2352 Latino
777 2284 1281 2362 Bonaventurae,
1336 2301 1462 2379 pro
1480 2278 1614 2361 Deo
1645 2278 2092 2354 substituendo
2125 2290 2433 2354 Mariam.
2635 2307 2640 2313 ·

451 2375 671 2482 Judaei
681 2381 871 2451 etiam
887 2388 1161 2453 accusant
1177 2377 1517 2453 Achabum
1539 2433 1561 2467 ,
1612 2377 1805 2476 quod
1819 2384 1881 2454 S.
1902 2376 2220 2453 Codicem
2238 2378 2615 2477 corruperit,
2628 2376 2776 2451 scri-'

348 2476 571 2572 bendo
594 2477 837 2577 semper
850 2503 971 2577 pro
990 2478 1253 2551 nomine
1280 2486 1406 2558 Dei
1431 2504 1669 2553 nomen
1705 2485 1991 2555 Baaltex.
2013 2503 2112 2578 gr.
2132 2478 2368 2551 Genes.
2391 2505 2438 2550 1.
2466 2502 2523 2549 1.
2547 2475 2774 2552 Achab

344 2571 634 2660 dixisset,
657 2586 1021 2679 Inprinetpio
1033 2586 1260 2650 creavit
1274 2581 1419 2651 Baal
1435 2630 1459 2664 ,
1507 2587 1636 2651 &c.
1685 2582 1854 2652 Haec
1868 2582 2083 2653 omnia
2118 2576 2522 2651 detestamur.
2573 2575 2773 2649 Nihi-

346 2678 641 2748 lominus
675 2680 814 2749 talia
828 2681 1216 2774 particularia
1245 2681 1398 2751 vitia
1429 2702 1564 2753 non
1585 2677 1839 2752 obstant
1857 2732 1878 2765 ,
1917 2696 2072 2777 'quo
2102 2682 2317 2752 minus
2347 2682 2411 2751 S.
2453 2679 2774 2778 Scriptum

345 2776 417 2848 in
455 2778 589 2849 aliis
615 2773 949 2849 codicibus
985 2779 1356 2873 incorrupta
1383 2779 1815 2878 permanserit.
2371 2828 2372 2831 =
2731 2812 2740 2823 ·

452 2899 515 2947 2.
568 2880 731 2947 Non
750 2877 1091 2970 loquimur
1115 2874 1196 2947 de
1212 2879 1424 2960 vitiis,
1474 2903 1626 2974 quae
1656 2881 1727 2951 in
1762 2878 2111 2951 nonnullos
2137 2881 2527 2976 particulares
2561 2871 2777 2948 Codi-

184 2990 187 2991 *
338 2997 449 3047 tes
476 2975 790 3047 Hebraeos
819 2998 902 3046 ex
955 2976 1278 3047 oscitantia
1329 2975 1944 3077 Typographorum
1993 3002 2470 3073 nonnunquam
2520 2974 2774 3072 irrepse-

348 3092 530 3146 runt.
627 3080 803 3148 Nam
838 3076 940 3145 illa
973 3075 1126 3146 vitia
1144 3078 1210 3145 in
1241 3077 1540 3149 reiteratis
1551 3075 1949 3161 editionibus
1974 3078 2405 3175 utplurimum
2436 3078 2776 3173 corrigun-

351 3188 488 3244 tur.
584 3179 663 3245 In
691 3174 1000 3274 plerisque
1030 3170 1392 3246 Codicibus
1422 3178 1751 3249 Hebraicis
1783 3178 1928 3249 sunt
2025 3174 2240 3249 uidem
2293 3178 2603 3248 nonnulla
2635 3178 2774 3248 talia

348 3267 584 3344 menda
602 3320 622 3355 ‚
670 3270 1093 3347 exoscita'ntia
1109 3271 1679 3375 typographorum
1698 3293 1869 3361 nata,
1918 3204 2026 3347 sed
2053 3278 2159 3349 illa
2191 3278 2374 3348 nullo
2404 3272 2616 3347 modo
2645 3274 2776 3343 ob.

340 3369 500 3444 sunt
513 3373 858 3470 integritati
874 3379 941 3445 &
961 3375 1555 3471 incorruptibilitati
1570 3376 1830 3447 Textus
1848 3374 2172 3450 Hebraici.
2272 3374 2502 3448 Editio
2518 3375 2618 3446 illa
2635 3375 2776 3448 He‘-

334 3472 550 3546 braica
578 3473 829 3567 Veteris
855 3475 950 3545 T.
984 3486 1186 3568 quarn
1203 3498 1324 3546 nos
1349 3496 1521 3549 anno
1561 3482 1746 3571 1667.
1777 3497 1893 3571 per
1912 3473 2272 3576 Josephum
2304 3470 2571 3548 Athiam
2606 3479 2776 3575 ᾼω-

340 3566 681 3644 stelodami
710 3575 778 3646 in
796 3573 1130 3669 publicum
1147 3571 1513 3660 emisimus,
1565 3598 1787 3646 omnes
1800 3573 2251 3650 aliaseditiones
2277 3626 2298 3661 ‚
2347 3578 2778 3675 etiam‘B'orn-

343 3668 763 3769 bergianas&
793 3675 1205 3745 Plantinianas
1238 3677 1462 3771 multis
1489 3672 1829 3773 parasangis
1857 3673 2124 3776 superat.
2228 3683 2406 3771 Qae
2440 3660 2777 3777 propterea

343 3793 491 3845 non
518 3787 776 3861 tantum
809 3771 890 3845 ab
924 3770 1286 3863 Illustribus
1319 3781 1387 3847 &
1421 3771 1941 3872 Praepotentibus
1955 3781 2126 3851 DD.
2163 3779 2368 3873 Belgii
2406 3776 2778 3851 Ordinibus

241 3884 257 3898 ·
348 3868 1163 3971 Getiefflibusestrecepta,
1215 3870 1576 3948 sedetiam&
1608 3874 1922 3973 plerisque
1953 3877 2158 3971 Belgii
2192 3872 2580 3952 Academiis,
2630 3873 2772 3942 imo

342 3970 545 4069 etiam
580 3967 617 4043 ὲ
652 3976 992 4077 Synagoga
1019 3968 1410 4079 Judgprum
1443 3973 1534 4079 est
1562 3974 1932 4078 approbata.
2034 3975 2200 4049 Haec
2230 3971 2434 4049 editio
2467 3972 2782 4085 nonnulla

346 4138 351 4141 ,
504 4110 514 4125 -
2582 4085 2783 4169 yma,
