3416 4576
591 310 733 397 De
770 301 1057 419 linguae'
1081 294 1430 390 Hebraeae
1462 234 1785 417 Origine
1820 301 1904 394 (5
1940 288 2446 421 antiquitate.
2577 320 2680 389 20
2688 333 2727 420 3

311 480 579 536 matrem
593 460 771 533 suam
788 457 1099 534 indicant.
1200 454 1488 555 Qidam
1524 461 1756 530 Lexica
1785 455 2166 542 ediderunt5
2214 465 2279 534 in
2320 456 2559 555 quibus
2585 456 2730 534 har-

308 567 612 638 moniam
644 565 912 634 aliarum
940 562 1303 657 linguarum
1337 583 1488 630 cum
1517 559 1741 656 linguai
1771 558 2046 633 Hebraea‘i
2080 558 2524 635 ostenderunt.
2617 564 2732 634 Ut

308 666 403 735 vis
420 661 624 755 hujus
640 662 1005 760 argumenti
1019 656 1631 743 clariusinnotescat‚
1680 663 1962 758 exempla
2010 655 2307 754 quaedam
2341 663 2407 732 in
2439 654 2730 733 medium

303 758 676 863 proferam}
731 783 835 834 ex,
872 783 969 857 gr.
1019 756 1129 830 Ad
1159 758 1582 830 imitationem
1616 757 1914 829 Hebraeae
1946 760 2128 829 voc'is
2160 758 2282 833 191³
2319 762 2538 833 Graeci
2569 756 2735 830 fcce-

297 881 463 936 runt
478 886 716 935 vocem
750 868 976 955 σημεῖον
989 862 1263 961 signum.
1319 854 1431 930 Ad
1447 856 1870 928 imitationem
1905 856 2198 929 Hebraeae
2218 863 2396 933 vocis
2424 858 2523 926 '¹242
2559 854 2734 932 Lati-'

312 962 692 1034 nifecerunt
693 969 882 1064 piger:
903 981 1047 1028 nam
1089 965 1226 1039 'un
1261 951 1896 1058 fignificatpigerfuit.
1915 956 2218 1027 Similiter
2246 959 2338 1027 [PE
2371 959 2582 1053 Belgae
2612 982 2736 1029 vo·

310 1081 476 1132 tant
491 1060 691 1144 reuck.
790 1057 1032 1129 Similes
1046 1057 1175 1127 aliae
1191 1056 1699 1151 comparationes
1715 1077 1864 1125 cum
1881 1056 2010 1125 aliis
2040 1054 2276 1153 linguis
2289 1050 2536 1155 possent
2555 1053 2737 1128 insti.

314 1161 465 1241 tui,
521 1157 636 1230 nifi
652 1181 746 1229 res
761 1159 909 1227 clara
925 1150 1107 1227 esset:
1164 1149 1267 1223 sed
1282 1176 1379 1223 res
1397 1154 1593 1224 illaita
1614 1154 1770 1222 clara
1798 1151 1889 1225 est
1916 1157 2184 1225 utnulla
2215 1158 2317 1228 tali
2347 1151 2739 1230 demonstra-

314 1255 801 1354 tioneindigeat.
854 1252 1292 1349 Astinlingua
1308 1247 1587 1324 Hebraea
1603 1254 1797 1324 nullae
1831 1274 2186 1325 occurrunt
2221 1278 2444 1341 voces,
2494 1278 2738 1351 quaeex

315 1357 1002 1453 aliisiinguismutuatae
1016 1352 1190 1423 sunt.
1224 1404 1239 1416 χ
2167 1351 2172 1357 “

318 1478 327 1485 ’
406 1459 564 1530 XV.
616 1449 888 1527 Fortasse
912 1451 1531 1551 objicietnonnemo,
1587 1441 1776 1540 quod
1794 1447 2010 1545 lingua
2041 1446 2497 1523 Hebraicanon
2531 1450 2744 1526 videa.

306 1573 422 1627 tur
436 1548 560 1624 effe
580 1578 740 1654 pura
759 1583 779 1626 ε
829 1555 984 1647 quia
997 1546 1328 1622 hodiernae
1339 1550 1576 1642 linguae
1594 1545 1928 1617 Hebraicae
1943 1548 2170 1617 multae
2199 1543 2390 1622 voces
2408 1551 2694 1626 Arabicae
2712 1602 2737 1638 ,

305 1651 577 1727 Persicae
596 1706 617 1734 ,
670 1654 926 1724 Graecae
944 1700 967 1734 ,
1018 1651 1322 1743 aliaeque,
1369 1645 1588 1718 exaliis
1603 1646 1839 1740 linguis
1855 1663 2203 1729 mutuatae,
2243 1649 2386 1719 sunt
2406 1654 2741 1725 immixtae.

316 1755 491 1825 Hoc
512 1753 600 1824 ita
614 1750 729 1823 effe
747 1801 769 1833 ‚
817 1748 1021 1822 videri
1038 1745 1246 1847 potest
1264 1749 1327 1819 in
1347 1745 1819 1817 commentariis
1837 1742 2331 1827 Rabbinorum,
2390 1752 2457 1820 in
2477 1750 2752 1821 Talmu·

320 1846 413 1923 de
442 1856 515 1921 δε
549 1852 619 1922 in
650 1846 1187 1951 aliisJudaeorum
1215 1845 1516 1942 Scriptis:
1568 1866 1675 1915 ex.
1706 1866 1807 1940 gr.
1840 1866 2034 1913 voces
2070 1822 2235 1924 ²1⁵0?ss
2268 1846 2644 1949 Philqfhphus
2675 1854 2748 1920 δε

317 1926 613 2035 Νἷξΰῠῗὲ
659 1941 1546 2044 Philfiphiasuntdesumptae
1561 1966 1639 2012 ex
1673 1942 1892 2038 lingua
1928 1941 2175 2016 Graeca.
2282 1950 2435 2018 Imo
2467 1948 2657 2021 etiam
2676 1948 2746 2026 in
2826 2011 2829 2014 ,

308 2046 469 2147 ipiis
484 2048 711 2120 Bibliis
739 2046 1075 2119 nonnuliae
1108 2044 1256 2114 tales
1283 2066 1478 2114 voces
1504 2043 1853 2188 Beregrinae
1879 2043 2299 2116 inveniuntur
2334 2074 2352 2116 ε
2393 2052 2506 2121 ex.
2620 2100 2638 2119 .
2676 2049 2746 2143 in

312 2143 585 2221 Esther:
598 2148 887 2219 occurrit
914 2170 1053 2217 vox
1069 2138 1313 2215 perfica
1342 2139 1500 2208 5·Ἷῖ
1572 2136 1924 2237 fignificans
1936 2143 2145 2235 fimes.
2246 2146 2487 2216 Multae
2551 2148 2750 2219 imilec

320 2248 670 2346 ,peregrinae
683 2267 876 2318 voces
899 2238 1146 2345 possent
1159 2244 1229 2315 in
1264 2236 1560 2313 medium
1591 2236 1903 2339 proferri,
1961 2237 2080 2311 nifi
2125 2265 2222 2315 res
2237 2241 2368 2316 satis
2397 2247 2552 2317 clara
2579 2241 2747 2320 esset.

326 2348 524 2440 Ergo
539 2364 987 2442 argumentum
1002 2344 1265 2413 tertium
1295 2365 1433 2412 non
1451 2336 1706 2413 videtur
1720 2336 2085 2438 procedere.

304 2459 307 2464 ’
440 2446 782 2543 Respondet».
836 2468 896 2513 1.
944 2445 1198 2514 Verum
1212 2438 1301 2512 est
1319 2492 1341 2523 ,
1391 2435 1988 2532 quodinhodierna
2000 2441 2089 2510 lin
2185 2464 2218 2511 a
2251 2440 2755 2518 Hebraeo-Rab—

306 2540 556 2614 binim
585 2547 654 2612 &
689 2536 1071 2612 Talmudica
1098 2540 1318 2611 multae
1347 2562 1535 2611 voces
1562 2562 1645 2611 ex
1676 2538 1809 2611 aliis
1838 2539 2075 2635 linguis
2133 2538 2432 2637 esumptae
2451 2589 2473 2623 ,
2525 2565 2754 2614 occur-

346 2658 496 2712 rant
531 2666 549 2710 ε
602 2637 701 2712 sed
734 2641 883 2711 tales
909 2640 1257 2738 peregrinat
1288 2660 1478 2710 voces
1508 2663 1644 2710 non
1679 2639 2109 2712 inveniuntur
2140 2640 2204 2711 in
2238 2642 2501 2735 antiqua
2532 2642 2756 2738 lingua

342 2737 659 2812 Hebraica
672 2787 694 2820 ‚
747 2762 899 2833 quae
913 2753 1071 2837 pum
1087 2736 1253 2810 estin
1267 2740 1493 2810 Veteri
1509 2735 1690 2812 Test.
1715 2742 1784 2808 &
1798 2735 1875 2810 de
1891 2763 2019 2833 qua
2038 2737 2457 2811 solummodo
2474 2740 2752 2836 quaestio

331 2835 443 2913 est.
544 2835 1226 2924 Rabbini‚debuerunt
1251 2838 1488 2909 multas
1518 2860 1716 2909 voces
1748 2837 2093 2910 Hebraicas
2133 2841 2542 2936 excogitare-z
2596 2844 2778 2933 quia-

330 2939 634 3012 omnium
650 2933 1616 3010 reruminVeteriTestamento
1647 2960 1781 3013 uon
1818 2935 1897 3007 fit
1911 2939 2182 3009 mentio.
2231 2940 2431 3009 Sicuti
2445 2940 2509 3008 in
2531 2943 2748 3010 Novo

332 3040 432 3111 Τ.
452 3038 696 3110 Graeco
712 3058 850 3108 non
869 3036 1294 3108 inveniuntur
1311 3057 1532 3106 omnes
1546 3059 1741 3108 voces
1772 3035 2052 3116 Graecae,
2111 3034 2195 3108 fic
2224 3040 2408 3110 etiam
2445 3039 2511 3108 in
2532 3037 2756 3111 Veteri

336 3138 443 3209 T.
455 3136 745 3208 Hebraeo
760 3160 898 3209 non
914 3135 1341 3205 inveniuntur
1358 3157 1584 3205 omnes
1616 3156 1810 3205 voces
1829 3136 2181 3217 Hebraicae,
2423 3165 2428 3172 ·

449 3257 515 3304 2.
566 3235 854 3330 Lingua,
902 3258 1033 3328 qua
1046 3228 1338 3316 Talmud
1370 3233 1806 3332 conscriptum
1833 3231 1922 3308 est
1938 3258 2149 3326 „non
2171 3231 2263 3306 est
2278 3231 2624 3316 Hebraica,
2659 3232 2759 3309 sed

333 3327 827 3406 fereChaIdaica
860 3361 877 3403 z
931 3329 1212 3428 ideoque
1241 3351 1694 3428 argumentum
1743 3329 2150 3430 desumptum
2179 3336 2216 3405 ὲ
2246 3336 2462 3434 lingna
2489 3334 2760 3408 Talmu·

334 3430 475 3506 dica
493 3427 577 3504 ad
596 3430 971 3502 Hebraicam
986 3433 1221 3503 nullius
1236 3429 1540 3530 ponderis
1553 3438 1622 3503 &
1650 3435 1964 3506 momenti
1978 3429 2094 3504 est.

442 3556 504 3625 3.
557 3538 643 3604 In
683 3531 902 3603 Veteri
934 3528 1348 3603 Testamento
1400 3529 1730 3604 Hebraico
1762 3551 2118 3605 occurrunt
2161 3528 2431 3625 quidem
2462 3530 2763 3629 quaedam

328 3631 802 3713 vocesalienae,
855 3626 981 3703 {ive
994 3631 1465 3727 exaliislinguis
1481 3648 1826 3711 mutuatae,
1881 3628 1980 3703 sed
2006 3632 2128 3703 inae
2144 3655 2279 3702 non
2297 3629 2468 3705 fiunt
2487 3635 2762 3707 Hebrai-

328 3751 462 3804 εει
515 3755 622 3803 ex.
651 3754 753 3830 grz
784 3730 958 3802 Gen.
984 3751 1216 3826 31.47.
1268 3730 1483 3803 Laban
1514 3732 1774 3803 vocavit
1802 3732 2136 3803 tumulum
2168 3731 2350 3802 illum
2402 3723 2624 3817 ΜΞΠΞΞΕ
2679 3733 2763 3814 '7:12

341 3835 691 3906 emtum
705 3830 1044 3924 testimonii.
1061 3831 1193 3902 Hae
1210 3852 1404 3904 voces
1415 3832 1619 3903 alienae
1637 3828 1783 3903 sunt
1799 3827 2066 3927 quidem
2083 3833 2331 3903 Textui
2343 3833 2631 3907 Hebraeo
2643 3833 2768 3902 im-

322 3932 604 4013 mixtae,
656 3928 761 4004 sed
779 3953 868 4001 eae
886 3928 1589 4003 non-fiunt-Hebraicae.
1606 3932 1905 4002 Similiter
1920 3949 2058 4003 vox
2072 3927 2305 4002 Pet-fica
2336 3941 2541 4016 nwnffl
2579 3928 2770 4021 figni-

331 4027 491 4106 ficat
519 4026 1022 4127 quidemfirtes,
1074 4024 1259 4122 sedjea
1274 4053 1411 4102 vox
1430 4031 1497 4102 in
1514 4030 1619 4102 tali
1656 4026 2113 4126 significatione
2142 4053 2484 4123 nunquam
2516 4025 2772 4195 abee-

1664 4132 1784 4201 Cc
1836 4151 1872 4197 2
2634 4124 2772 4198 raeis
