3416 4576
703 305 849 407 164
1146 286 2399 382 DISSERTATIO
2506 293 2740 384 XIV.

711 447 1157 529 admirandum
1186 460 1254 526 &
1289 451 1673 554 stupendum
1692 504 1711 535 ,
1760 475 1830 525 ac
1846 473 1977 523 rem
2009 451 2169 521 tanti
2202 450 2518 524 momenti
2551 452 2681 522 alto
2702 444 2954 524 filentio
2978 455 3120 528 non

710 548 1147 650 praeteriissent
1167 606 1187 639 ,
1246 553 1348 627 sed
1367 557 1638 652 aliquam
1656 554 1882 628 talium
1913 547 2424 649 Tyberiensmm
2454 554 2910 649 punffltorum
2939 550 3118 626 fecis-

715 650 853 723 sent
867 657 1289 727 mentionem.
1389 661 1571 752 Ergo
1587 675 1724 723 non
1743 648 2004 721 videtur
2021 646 2534 723 verofimiletales
2566 648 2955 725 Masorethas
2972 656 3041 725 T
3089 691 3121 714 -

717 749 1058 836 herienses,
1110 757 1226 848 qui
1247 772 1497 825 tantum
1516 775 1682 850 opus
1696 743 2209 827 molitifuiss'ent,
2265 753 2641 843 unquamin
2658 677 3123 827 mundofisissxe.

710 850 965 924 Robur
979 851 1132 923 huic
1147 869 1527 946 argumento
1541 847 1801 923 additur
1823 879 1841 922 ε
1897 849 2051 942 quia
2065 845 2326 920 historia
2339 848 2646 922 Hebraica
2656 848 2944 922 describit
2974 876 3118 924 cur·

710 946 852 1019 sum
886 947 1250 1021 studiorum
1286 954 1352 1019 &
1382 951 1746 1047 Sapientum
1781 945 2165 1046 singularum
2213 947 2696 1043 generationum
2741 951 2809 1020 in
2842 948 3128 1047 Babylo-

708 1047 810 1117 nia
827 1046 1030 1139 usque
1045 1043 1123 1118 ad
1145 1069 1390 1118 annum
1421 1045 1668 1120 Christi
1712 1070 1904 1118 1000.
1923 1048 1989 1115 in
2023 1044 2343 1116 Palaestina
2379 1043 2890 1117 veroadannum
2921 1049 3123 1144 usque

711 1163 860 1235 340.
920 1147 1135 1240 Atqui
1166 1146 1397 1217 nullibi
1431 1143 1690 1218 historia
1722 1168 1814 1216 res
1840 1141 2033 1241 gestas
2060 1144 2280 1213 talium
2314 1140 2821 1238 Tyberienfium
2849 1167 3129 1236 enarrat,

708 1240 1016 1314 cumiane
1050 1243 1315 1316 Hebraei
1349 1269 1561 1316 rerum
1592 1244 1862 1316 minoris
1893 1242 2248 1321 momenti,
2297 1233 2375 1307 ad
2411 1236 2612 1310 studia
2646 1259 2899 1316 tantum
2930 1249 3128 1345 perti.

704 1342 1040 1426 nentium,
1091 1340 1419 1458 perfefflm
1435 1340 1660 1415 faciant
1689 1341 2110 1412 mentionem.
2212 1334 2581 1432 Utriusque
2617 1340 2961 1418 Talmudis
2992 1366 3128 1420 tam

706 1436 1328 1537 Babylonic1quam
1349 1441 1929 1539 Hierosolymitani
1963 1433 2439 1509 inchoationem
2457 1486 2481 1521 ‚
2500 1434 2999 1515 elaborationem
3018 1499 3038 1525 ,
3069 1453 3135 1519 δι

701 1540 997 1613 αυᾶοτεε
1028 1545 1263 1639 magnai
1295 1539 1621 1638 diligentia
1657 1545 1725 1608 &
1755 1534 2051 1631 indagine
2098 1529 2455 1628 perscrutati
2488 1531 2631 1603 sunt
2660 1586 2680 1613 ‚
2752 1561 2822 1607 ae
2850 1565 3131 1617 annota-

706 1656 885 1710 runt.
988 1645 1211 1730 Qare
1241 1643 1426 1714 etiam
1459 1664 1597 1711 non
1643 1628 1918 1708 fecissent
1964 1632 2355 1704 mentionem
2403 1632 2609 1726 operis
2653 1630 2920 1720 majoris
2976 1664 3123 1715 mo-

712 1739 952 1818 menti,
1010 1745 1326 1838 tangentis
1343 1736 1771 1838 ipsaenficram
1806 1733 2232 1829 scripturam,
2284 1723 2545 1824 eiusque
2561 1752 2772 1801 veram
2806 1736 2876 1802 &
2906 1743 3122 1835 genui.

706 1851 851 1910 'nam
869 1839 1209 1912 leffionem
1226 1841 1253 1911 ἒ
1512 1875 1517 1879 ’
2247 1883 2252 1890 -

805 1941 1003 2011 XIII.
1056 1939 1353 2034 Capellus
1397 1930 1530 2006 hoc
1574 1960 1638 2007 ar
1729 1952 2024 2005 mentum
2074 1946 2347 2032 conatur
2387 1926 2744 2029 infringere,
2799 1927 3108 2010 dicendo:

706 2035 873 2103 Non
892 2033 1137 2114 mirum
1149 2029 1266 2106 effe
1283 2083 1304 2116 ‚
1358 2030 1546 2128 quod
1563 2029 1630 2104 hi
1690 2035 1821 2105 oria
1837 2032 2151 2104 Hebraica
2180 2052 2315 2101 non
2350 2028 2708 2099 meminerit
2720 2052 2943 2104 eorum
2965 2038 3119 2134 Ty.

711 2127 1093 2204 berienfium
1128 2136 1583 2230 punstatorum
1615 2181 1637 2214 ‚
1686 2156 1900 2227 quum
1933 2123 2187 2204 fortasse
2233 2128 2396 2198 circa
2435 2151 2678 2200 annum
2699 2127 2944 2208 Christi
2977 2153 3104 2223 500

700 2227 1053 2319 Tiberiadi
1064 2251 1316 2307 tantum
1353 2230 1730 2304 habitaverit
1747 2255 1913 2304 unus
1944 2249 2137 2326 atque
2152 2229 2301 2299 alter
2327 2222 2731 2302 dostiffimus
2750 2229 3118 2323 RabbinuS,

700 2328 1249 2428 ‘quipunCtorum
1282 2334 1514 2404 auftor
1542 2328 1705 2402 fixit:
1759 2355 1896 2403 non
1932 2332 2105 2403 enim
2140 2321 2372 2400 necesse
2400 2324 2490 2399 est
2525 2330 2735 2426 plures
2764 2325 2919 2405 huic
2946 2355 3118 2431 pun-

704 2430 1008 2503 stationis
1028 2435 1208 2532 operi
1235 2436 1527 2530 primum
1552 2422 1802 2503 vacaffe.
1902 2438 2206 2503 Praeterea
2239 2418 2562 2523 saepiffime
2591 2431 2907 2529 contingit
2935 2433 3119 2504 viros

703 2552 982 2698 magnssos
1016 2540 1084 2606 &
1114 2529 1359 2607 ἀοᾶος
1393 2554 1862 2626 nonnunquam
1901 2532 2135 2604 latitare
2162 2576 2198 2613 ‚-
2251 2531 2319 2599 &
2353 2524 3121 2631 Historiographis·igno-

706 2646 815 2698 tos
846 2652 881 2698 e
931 2655 990 2700 e.

802 2729 1152 2825 Respondeat.
1205 2731 1368 2799 Non
1383 2726 1621 2802 mirum
1639 2727 1731 2803 est
1745 2728 2018 2825 aliquem
2033 2753 2111 2802 ex
2127 2728 2338 2806 doctis
2368 2727 2595 2813 alicubi
2625 2728 2863 2801 latitare
2902 2736 2975 2800 δὲ
3011 2728 3123 2805 de-

700 2825 1006 2900 litescere:
1064 2823 1325 2900 sedhoc
1354 2825 1481 2898 fere
1512 2828 1698 2902 instar
1727 2832 2009 2902 miraculi
2042 2829 2302 2904 videtur
2329 2882 2350 2916 ,
2403 2824 2588 2928 quod
2627 2852 2792 2900 unus
2823 2830 2930 2900 vel
2963 2833 3118 2905 alter

704 2926 1043 3000 Rabbinus
1071 2943 1304 2998 tantam
1338 2928 1783 3002 auctoritatem
1801 2927 1913 3001 fibi
1934 2933 2396 3016 conciliaverit,
2447 2949 2524 3001 ut
2553 2951 2773 3000 omnes
2802 2924 3019 3031 Judoei
3037 2931 3117 3003 il·

700 3024 826 3096 lius
842 3048 1007 3123 opus
1026 3076 1046 3108 ,
1096 3024 1288 3120 quod
1317 3028 1402 3098 ita
1433 3031 1725 3124 privatim
1763 3031 2036 3101 molitus
2061 3027 2270 3103 fuiss‘et
2297 3081 2319 3115 ,
2371 3048 2686 3124 tanquam
2707 3026 3008 3101 divinum
3041 3035 3114 3102 &

701 3121 882 3218 quali
898 3126 1151 3199 coelitus
1167 3122 1482 3226 delapsum
1502 3128 2024 3229 approbaverint.
2124 3136 2422 3202 Praeterea
2458 3124 2827 3201 mirandum
2841 3125 2928 3199 est
2939 3130 3112 3200 illius

688 3223 1007 3297 uniusvel
1038 3226 1287 3301 alterius
1307 3223 1529 3330 Judaei
1560 3230 1796 3300 nullam
1831 3229 1895 3299 in
1929 3223 2207 3301 historiis
2238 3218 2627 3332 Judaeorum
2667 3225 2806 3299 fieri
2839 3230 3116 3300 mentio·

694 3343 887 3395 nem:
942 3349 1090 3397 nam
1124 3322 1319 3424 ipsius
1348 3350 1512 3425 opus
1539 3324 1747 3400 fuiss‘et
1779 3323 2356 3428 praestantissimum
2393 3334 2459 3399 &
2478 3322 2940 3408 utiliffimum,
2969 3320 3117 3398 red-

696 3414 851 3498 dens
881 3425 1222 3499 leffionem
1262 3426 1568 3501 Biblicam
1603 3428 1749 3525 plus
1783 3450 1979 3522 quam
2014 3423 2293 3526 decuplo
2327 3425 2696 3499 faciliorem.
2796 3422 3116 3499 Attendat

695 3514 802 3591 hic
816 3521 1021 3594 lector
1039 3576 1059 3603 ‚
1112 3522 1273 3618 quid
1289 3527 1582 3623 Capellus
1600 3524 2003 3624 respondeat,
2054 3525 2183 3598 scil.
2202 3525 2391 3619 quod
2406 3520 2655 3600 fortasse
2671 3543 2921 3599 tantum
2937 3548 3115 3597 unus

672 3636 807 3715 ‚aut
822 3619 1174 3694 alterfuerit
1192 3621 1432 3700 doctor
1466 3625 1880 3724 Tyberienfis
1904 3678 1923 3705 ,
1978 3626 2354 3723 quiprimus
2391 3624 3115 3725 punaoruminventor

691 3711 843 3801 fuit3
862 3743 1074 3814 quum
1110 3744 1279 3795 antea
1298 3746 1447 3795 cum
1466 3725 1605 3798 Elii
1649 3720 2019 3799 concesserit
2034 3728 2279 3823 primos
2299 3720 2697 3799 Masorethas
2724 3716 2907 3795 suin}
2936 3724 3116 3795 mul·

672 3832 771 3887 'to
788 3818 1016 3915 plures,
1069 3819 1238 3895 Vide
1262 3822 1589 3896 Buxtorfii
1608 3847 1848 3923 partem
1872 3850 1933 3895 2.
1957 3847 2010 3895 c.
2043 3849 2070 3896 1
2089 3851 2146 3897 t.
2499 3874 2502 3877 -

786 3921 977 4017 XIV,
1028 3916 1421 4020 Jamseptimb
1454 3943 1903 4021 argumentum
1940 3919 2439 4015 Theologicum
2473 3916 2972 4018 expendendum
3002 3941 3112 3989 ve·

688 4015 812 4090 ait.
910 4014 1624 4121 TheologiEuangelici
1646 4075 1669 4112 ,
1720 4021 2111 4125 quiavident
2142 4026 2502 4098 sententiam
2528 4025 2779 4123 Capem
2806 4016 2927 4095 effe
2944 4016 3115 4186 pelti-

2928 4142 3008 4190 cu
3037 4139 3120 4185 o-
