3416 4576
453 177 588 256 DE
612 172 1097 254 VERSIONE
1115 177 1535 256 smAcA
1553 182 1686 256 ET
1703 169 2198 259 HEBRMCA
2218 181 2591 267 NovrT.
2695 193 2788 292 37.

402 333 460 407 3.
489 307 825 383 Christiani
858 311 960 379 vel
980 306 1177 400 Judaei
1215 308 1344 401 jam
1386 308 1708 392 conversi,
1753 311 2041 381 volentes
2064 307 2371 407 disputare
2391 313 2491 385 vel
2510 313 2802 387 stribeoe·
2903 288 2922 306 ⁵

279 433 502 495 eontra
523 407 794 501 Iudaeon
823 427 1118 504 poterunt
1135 430 1214 478 ex
1243 405 1352 477 tali
1378 406 1656 480 versione
1689 429 1894 479 textus
1929 405 2248 478 Hebraice
2285 411 2590 510 allegare,
2626 410 2805 484 eos-‚⁶

278 535 399 611 que
417 529 639 580 contra
656 501 916 576 eosdem
936 505 1128 575 citare
1146 533 1169 592 ς
1207 503 1253 574 s1
1270 501 1437 576 forte
1458 510 1641 578 Deus
1660 531 1772 577 eos
1790 506 1901 577 tali
1922 503 2123 576 modo
2144 513 2210 578 &
2234 508 2448 579 medio
2469 508 2625 582 adse
2644 530 2794 584 tra-0·

277 607 474 684 heret.
526 606 705 677 Hinc
727 601 973 694 Judaeus
988 602 1232 702 aliquis,
1256 601 1331 673 ad
1357 602 1782 676 Christianam
1798 604 2176 703 religionem
2193 603 2524 679 conversus
2543 653 2566 689 ‚
2609 608 2768 681 deli-
2866 635 2874 642 “

272 697 517 782 tescens
538 702 793 800 Leydae‚
815 708 884 773 &
911 705 1128 773 volens
1147 697 1411 775 scribere
1426 722 1647 775 contra
1670 702 1918 791 Judaeos
1937 748 1960 782 ‚
2007 726 2154 774 cum
2176 702 2495 777 audivisset
2517 730 2626 778 me
2643 708 2767 780 tale
2859 753 2864 757 ·

272 807 551 880 ,Novum
577 806 670 876 T.
693 798 1078 872 Hebraicurn
1117 796 1427 897 possidere
1446 847 1469 883 ‚
1523 824 1634 898 per
1653 800 1854 869 literas
1874 797 2112 868 obnixe
2130 800 2313 897 petiit
2331 847 2354 883 ‚
2399 801 2634 876 utillud
2652 803 2767 877 fibi

274 923 495 978 mutuo
513 899 726 973 danem
745 929 765 986 ς
803 898 971 996 quod
984 923 1138 970 tum
1153 895 1363 971 statim
1382 925 1518 972 non
1537 895 1737 978 fieret,
1781 891 1913 994 ipse
1928 895 2082 967 ilico
2100 895 2220 970 huc
2256 901 2450 984 venit,
2471 901 2767 1005 idemque
2806 973 2813 980 ,

275 998 638 1100 efflagitavit
660 994 726 1070 δὲ
750 993 1043 1075 obtinuit.
1702 1021 1722 1039 “
2647 1000 2654 1007 ’

377 1102 531 1174 XV.
580 1101 778 1169 Dices.
837 1094 1185 1168 Pauciffimi
1207 1094 1397 1170 Iudaei
1418 1111 1903 1174 convertuntur,
1940 1100 2008 1166 δι
2029 1113 2287 1191 propter
2309 1094 2454 1168 illos
2483 1096 2766 1196 pauciffi.

277 1221 427 1268 mos
448 1197 552 1268 vix
576 1192 842 1294 pretium
860 1219 1068 1292 opetae
1089 1191 1204 1266 fuit
1221 1215 1614 1291 componere
1632 1189 1983 1264 verfionem
2000 1190 2383 1266 chraicam
2414 1199 2601 1269 Novi
2620 1200 2774 1269 Te-

279 1291 586 1367 stamenti.
2636 1335 2643 1343 .

376 1397 711 1492 Respondeat.
777 1413 830 1463 t.
856 1386 921 1460 Si
943 1390 1044 1462 vel
1064 1413 1219 1462 unus
1237 1386 1438 1487 spatio
1455 1388 1675 1460 decem
1700 1390 1799 1463 vel
1819 1405 2076 1459 centum
2109 1413 2443 1473 annorum,
2482 1392 2762 1465 occasio-

269 1511 359 1565 ne
376 1489 666 1561 verlionis
685 1485 1040 1568 Hebraicae‚
1062 1509 1551 1566 converteretur,
1576 1487 1754 1559 labor
1772 1511 1906 1558 non
1924 1485 2070 1556 effet
2089 1482 2476 1565 flustraneus.

374 1614 435 1662 2.
490 1594 635 1661 Imo
654 1586 699 1658 s1
723 1586 825 1656 vel
845 1589 1046 1658 nullus
1067 1611 1344 1685 unquam
1365 1607 1835 1657 converteretur
1853 1585 1960 1655 tali
1982 1585 2220 1665 modio,
2262 1608 2397 1660 tum
2426 1585 2766 1663 Christiani

268 1707 521 1758 eatenus
543 1685 875 1756 liberarunt
894 1682 1345 1756 conscientiam
1361 1682 1747 1783 suam‚‘quod
1773 1705 1998 1783 praeter
2016 1681 2130 1753 alia
2152 1684 2357 1758 media
2396 1688 2586 1760 etiam
2608 1713 2761 1787 por-

275 1783 547 1854 rexerint
567 1783 787 1854 Iudaeis
807 1780 1204 1855 occasionem
1223 1785 1496 1868 Novum
1535 1785 1627 1858 T.
1669 1783 1737 1855 in
1775 1778 1988 1882 lingui
2005 1827 2027 1861 ‚
2066 1782 2278 1853 multis
2330 1783 2460 1858 fere
2476 1788 2579 1858 vel
2601 1785 2764 1886 quast

274 1880 624 1963 vernaculi,
648 1880 919 1983 legendi,
939 1879 1213 1980 inibique
1228 1879 1486 1953 salutem
1502 1877 1671 1952 suam
1690 1877 2023 1981 quaerendi.
2074 1879 2250 1951 Hinc
2273 1882 2584 1981 pontificii
2615 1904 2768 1957 ante

273 1977 669 2077 pauciffimos
711 2005 912 2050 annos
934 1978 1307 2051 inchoarunt
1329 1982 1564 2052 Romae
1598 1978 1964 2076 imprimere
1981 1982 2255 2051 Novum
2293 1985 2383 2060 T.
2408 1982 2761 2072 Hebraice3

268 2075 375 2150 sed
392 2075 605 2150 nescio
624 2078 844 2178 quibus
865 2077 1168 2149 machinis
1185 2077 1338 2152 illud
1357 2100 1538 2178 opus,
1564 2076 1846 2163 dimidia,
1890 2076 1957 2148 ni
1976 2072 2190 2160 fauor,-
2205 2099 2288 2151 ει
2311 2084 2632 2180 parte‘jam
2653 2080 2767 2154 ab·

268 2172 570 2257 solutum,
592 2171 774 2248 fuerit
796 2175 1196 2275 impeditum.
1418 2261 1424 2267 ,
1909 2245 1916 2250 .
2631 2261 2636 2266 ,
2705 2267 2712 2272 ,

277 2286 291 2301 ’
368 2277 559 2351 XVI.
616 2273 843 2348 Adhuc
867 2301 1122 2370 regeres.
1160 2273 1384 2350 Verfio
1398 2275 1504 2349 illa
1523 2274 1836 2350 Hebraica
1854 2275 2041 2351 Novi
2061 2277 2157 2351 T.
2180 2301 2479 2376 magnam
2501 2276 2763 2376 quidem

264 2371 513 2473 praestat
545 2374 876 2447 utilitatem
895 2419 918 2456 ,
955 2373 1002 2445 fi
1021 2372 1222 2446 modo
1234 2376 1587 2475 comparari
1655 2374 1801 2448 offit
1824 2404 1842 2447 ε
1885 2374 1992 2448 sed
2033 2374 2412 2472 exemplaria
2449 2376 2575 2467 ejus
2621 2373 2762 2447 sunt

266 2470 613 2546 admodum
635 2498 773 2544 cara
791 2484 860 2548 &
881 2499 1031 2561 rara3
1052 2472 1211 2545 adeo
1231 2495 1299 2545 ut
1321 2499 1402 2546 ne
1423 2475 1560 2545 mill
1622 2500 1783 2548 1mus
1802 2474 2043 2547 Iudaeus
2062 2475 2258 2545 talem
2277 2468 2631 2545 ve'rfionem
2645 2498 2767 2549 un·

264 2570 724 2768 qmsssiissfssiss
757 2570 1326 2770 ’ἒίῗὲῗὲἳᾶῗὶ
1341 2598 1716 2753 ΞΞΞᾝ,
1729 2593 2136 2756 Ρὲζᾟῖἴᾈεκ
2158 2674 2289 2747 uno
2305 2670 2510 2773 pretio
2536 2671 2763 2777 vmffl.

267 2764 435 2843 bilia.
458 2769 545 2840 Et
565 2767 1020 2867 deplorandum
1039 2768 1133 2843 est
1156 2769 1546 2844 Chsistianos
1562 2796 1695 2844 non
1721 2774 2028 2868 majorem
2047 2768 2342 2845 adhibere
2359 2770 2757 2870 diligentiam
2827 2806 2832 2813 ·

260 2864 427 2938 circa
447 2868 640 2939 talem
656 2868 1004 2942 editionem
1019 2916 1043 2951 ,
1084 2892 1151 2941 ut
1174 2897 1403 2969 magna
1425 2872 1610 2981 copia
1647 2870 1938 2944 similium
1957 2870 2411 2967 exemplarium
2421 2868 2761 2966 imprima-

263 2984 382 3040 tur.
421 2969 623 3037 Anno
670 2975 871 3062 1667.
933 2966 1377 3039 ‘communibus
1414 2966 1713 3069 suffragiis
1752 2969 1830 3051 in
1860 2967 2050 3051 tribus
2091 2965 2373 3038 clastibus
2414 2966 2758 3064 provincia!

263 3062 699 3157 ultrajeffinae
731 3066 1053 3137 decretum
1090 3083 1219 3133 erat
1238 3110 1263 3144 ,
1306 3086 1373 3135 ut
1412 3066 1477 3136 in
1520 3064 1762 3163 synodo
1781 3114 1804 3149 ‚
1843 3068 1959 3140 illo
1975 3088 2143 3135 anno
2163 3064 2499 3159 ultrajeffi
2517 3062 2756 3138 haben-'-

267 3156 369 3238 da,
396 3159 661 3230 nomine
674 3161 866 3232 tn'um
882 3160 1166 3232 class'ium
1184 3168 1495 3257 'peteretur
1519 3162 1718 3233 verslo
1737 3163 2050 3239 Hebraica
2072 3162 2258 3235 Novi
2278 3167 2606 3261 T.utpoto
2668 3191 2758 3255 uae

266 3253 649 3351 judicabatur
672 3257 994 3354 optimum
1031 3257 1310 3329 medium
1338 3257 1733 3359 conversioni
1753 3260 2110 3333 Iudaeorum
2147 3257 2484 3333 inserviens
2503 3288 2528 3331 e
2565 3192 2669 3333 seg
2687 3271 2759 3337 δε

267 3352 425 3425 illud
463 3349 718 3445 salutare
760 3355 1081 3427 decretum
1103 3403 1127 3438 ,
1164 3356 1230 3429 in
1263 3355 1506 3456 synodo
1528 3355 1921 3456 propositum
1942 3406 1966 3440 ,
2007 3358 2220 3430 nescio.
2234 3357 2488 3459 obquaa
2508 3356 2712 3435 causas
2732 3406 2757 3446 2

263 3451 568 3526 lacaenas
585 3477 718 3524 non
735 3448 851 3524 fuit
872 3454 1228 3529 executioni
1269 3455 1656 3545 mandatum.
1699 3455 1920 3549 Editio
1938 3457 2041 3528 illa
2079 3456 2261 3530 Novi
2302 3462 2400 3530 T.
2445 3457 2760 3536 Hebraica

266 3547 693 3623 Londinenfis
711 3548 861 3623 esset
878 3551 1130 3654 quidem
1147 3555 1493 3627 commoda
1528 3554 1750 3629 Iudaeis
1771 3602 1794 3639 ‚
1830 3546 1930 3628 sed
1953 3555 2332 3654 exemplaria
2362 3556 2468 3628 illa
2510 3558 2617 3631 vix
2654 3586 2760 3633 ca-

274 3647 513 3721 riffimo
529 3649 731 3746 pretio
750 3652 1103 3749 comparari
1210 3651 1389 3726 ssimt:
1433 3680 1585 3726 nam
1600 3656 1893 3757 pleraque
1910 3655 1977 3726 in
1997 3678 2237 3755 nupeno
2254 3653 2756 3739 incendioLon-

271 3743 512 3824 dinensi
531 3744 669 3827 sunt
692 3751 987 3823 Vulcano
1006 3772 1100 3823 tra
1148 3751 1250 3834 'ta.
1270 3752 1360 3827 ’ὃς
1382 3753 1624 3853 penitus
1643 3748 2177 3853 fereconsumpta.
2389 3760 2394 3763 ’

364 3848 581 3923 XVII.
622 3847 928 3925 Huttenzs
964 3849 1033 3926 in
1071 3872 1326 3957 utraque
1341 3851 1619 3927 editione
1651 3852 1840 3931 Novi
1863 3857 1959 3957 ,T-
1983 3849 2279 3930 Hebmici
2301 3853 2544 3931 addidit
2564 3848 2755 3923 etiam

1546 3958 1587 4030 1
1799 3955 1806 3963 ‘
2313 3954 2316 3957 “
2607 3970 2761 4023 ver-:-
