3416 4576
599 157 734 231 DE
771 153 1430 232 mmm-rmus
1468 150 2116 232 LEc-nonus
2158 159 2417 239 Now
2457 167 2550 243 T.
2718 196 2822 274 47

328 279 479 368 sima
518 291 778 385 verfione
818 288 1066 388 Syriaca
1087 328 1109 364 ‚
1155 304 1289 381 quae
1340 282 1522 391 paulo
1565 275 1710 378 post
1770 299 2060 380 tempora
2100 285 2558 381 Apostolorum
2596 288 2632 361 ὲ
2667 289 2814 366 viris

329 383 722 492 ‚Apostolicis
743 432 765 467 ,
809 407 1078 484 quorum
1096 379 1304 479 lingua
1327 384 1566 489 Syriaca
1602 377 1715 450 fuit
1739 384 2062 454 vernacula
2083 429 2104 463 ,
2149 404 2394 482 putatur
2426 386 2776 487 conscripta
2785 414 2825 482 ς

326 512 585 593 quaeque
606 486 937 585 propterea
956 475 1257 590 plerisque
1288 479 1420 549 aliis
1444 476 1819 550 versionibus
1838 499 1903 549 ut
1970 481 2265 555 lurimum
2305 481 2577 583 praeferri
2612 484 2809 562 solet:

286 615 300 621 ᾗ
325 616 430 667 ex,
452 616 548 691 gr.
574 582 863 658 Clausula
889 579 1216 682 Orationis
1238 575 1607 649 Dominicae
1624 623 1647 656 ‚
1690 603 1826 747 Ἕκ
1847 506 2102 653 habetur
2138 583 2371 657 Mattb.
2395 591 2461 659 6.
2493 589 2591 674 13.
2643 590 2816 682 Qiae

326 710 500 762 tuum
523 686 603 783 est
623 709 870 779 regnum
893 689 1022 756 ἃς.
1054 679 1118 747 in
1156 675 1473 747 nonnullis
1510 673 1717 750 codici
1764 702 1829 748 us
1872 677 2119 752 Graecis
2158 704 2291 751 non
2328 680 2582 755 habetur
2606 725 2644 765 ‚¹
2666 710 2814 757 cum

329 789 544 870 tamen
562 802 846 854 occurrat
866 781 932 850 in
953 777 1372 851 Testamento
1407 774 1699 871 Syriaco:
1744 798 1821 846 ex
1862 801 1991 883 quo
2019 781 2258 853 videtur
2273 779 2544 854 firmiter
2561 783 2815 882 probari

328 912 473 958 eam
492 875 825 955 clausulam
846 879 1005 950 olim
1042 872 1340 947 Orationi
1362 872 1732 944 Dominicae
1753 869 1924 943 fuifle
1943 875 2300 970 adjunctam
2325 879 2389 951 in
2413 880 2599 956 Test,
2625 882 2818 954 Grae..

328 982 452 1055 cis:
492 1008 645 1054 nam
662 979 707 1052 si
727 1004 861 1055 non
898 973 1189 1056 extitisset
1212 1018 1233 1053 ‚
1262 970 1591 1072 quomodo
1611 971 1913 1069 interpres
1952 998 2094 1049 earn
2110 972 2441 1050 transferre
2476 979 2811 1078 potuisset?

331 1084 657 1157 Nolumus
698 1101 911 1159 tamen
955 1072 1300 1147 versionem
1320 1068 1631 1167 Syriacam
1650 1065 1896 1168 semper
1912 1072 2045 1144 aliis
2070 1071 2443 1147 versionibus
2483 1075 2806 1176 praeferre:

327 1206 480 1255 nam
525 1205 595 1251 ea
636 1199 1088 1274 nonnunquam
1106 1167 1513 1240 hallucinatur
1528 1212 1550 1248 ‚
1589 1165 1718 1239 &a
1740 1188 1914 1241 textu
1933 1195 2192 1272 recepto
2213 1170 2470 1247 discedit
2491 1200 2709 1251 contra
2729 1178 2813 1251 fi..

329 1279 480 1353 dem
515 1277 910 1375 antiquorum
947 1268 1287 1341 codicum:
1330 1290 1428 1337 ex.
1455 1291 1551 1366 gr.
1582 1267 1765 1336 -locus
1816 1290 1842 1335 1
1874 1267 2024 1357 joh.
2052 1294 2109 1365 5.
2137 1296 2202 1366 7.
2226 1270 2303 1369 ,in
2348 1293 2523 1345 textu
2559 1276 2812 1373 Syriaco

328 1403 463 1450 non
485 1374 701 1454 exstat,
720 1397 867 1443 cum
887 1392 1103 1441 tamen
1124 1366 1189 1436 in
1211 1363 1656 1465 antiquioribus
1675 1362 1992 1441 codicibus
2014 1370 2313 1449 exsteb&
2334 1370 2483 1444 fidei
2504 1375 2811 1476 analogiae
2949 1461 2954 1470 ἱ

327 1503 398 1549 ac
436 1467 640 1546 textus
663 1465 1097 1543 conformitati
1120 1465 1409 1564 apprime
1430 1459 1782 1534 conformis
1801 1461 1897 1542 fit.
2405 1479 2410 1480 ’
2839 1497 2842 1500 -

423 1576 612 1649 XIV.
664 1565 900 1665 Qartb
923 1571 1229 1661 quaritur.
1279 1569 1393 1636 An
1429 1587 1508 1664 egr
1548 1562 1917 1636 variantibus
1957 1564 2326 1640 leffionibus
2349 1570 2648 1668 probetur
2669 1597 2810 1644 cor-

316 1671 541 1770 ruptio
563 1690 768 1740 textus
794 1666 1013 1739 Graeci
1032 1665 1220 1737 Novi
1240 1666 1365 1737 T.?
2752 1672 2756 1675 ’

428 1770 771 1867 Respondeo.
826 1765 1158 1841 variantes
1179 1763 1482 1834 leffiones
1503 1806 1525 1841 ,
1558 1758 1625 1830 in
1650 1758 1896 1833 diversis
1916 1762 2232 1836 codicibus
2249 1765 2440 1839 Novi
2464 1774 2563 1843 T.
2587 1768 2814 1843 inven-

330 1889 437 1949 tae,
463 1870 596 1936 no'n
619 1862 847 1936 obsunt
862 1862 1205 1964 integritati
1225 1881 1428 1933 textus
1454 1859 1669 1931 Graeci
1684 1906 1706 1940 ‚
1750 1859 1861 1931 nisi
1883 1861 2045 1959 prius
2070 1862 2373 1961 probetur
2391 1867 2457 1938 in
2480 1867 2811 1940 hodiernis

330 1963 649 2055 codicibus
670 1987 992 2034 occurrere
1014 1985 1200 2033 voces
1223 1986 1360 2031 non
1381 1958 1574 2031 deseri
1582 1978 1715 2057 ptas
1737 1957 1815 2030 ab
1834 1959 1975 2058 ipsis
1994 1961 2342 2049 nutstoribus
2366 1964 2685 2054 librorum.
2734 1975 2813 2044 In

329 2064 553 2141 Veteri
570 2060 987 2134 Testamento
1010 2059 1330 2132 Hebraico
1350 2117 1370 2144 ‚
1398 2084 1534 2129 non
1552 2055 1845 2138 obstante
1862 2056 2140 2141 mora,
2164 2066 2365 2159 plures
2387 2066 2582 2164 quam
2599 2066 2815 2138 offin-

327 2182 538 2265 gentae
565 2161 744 2233 variae
769 2161 1072 2232 leffiones
1093 2155 1230 2230 sunt
1250 2157 2364 2258 observatae‚·marginiqueadscriptae
2390 2193 2411 2250 3
2433 2164 2579 2236 inde
2595 2186 2817 2238 tamen

329 2286 530 2333 nemo
572 2262 640 2331 1·
677 2258 855 2332 itime
899 2257 1188 2371 probabit
1233 2278 1478 2330 textum
1514 2254 1868 2329 Hebraeum
1906 2254 2028 2329 esse
2071 2280 2456 2357 corruptum.
2505 2262 2812 2335 Similiter

329 2359 593 2432 infinitae
659 2358 766 2430 ere
790 2383 972 2429 variae
1015 2356 1316 2429 leffiones
1358 2354 1495 2428 sunt
1536 2357 1822 2427 colleciae
1851 2378 1939 2429 ‚ex
1970 2356 2222 2429 diversis
2265 2358 2646 2432 editionibus
2667 2387 2814 2434 >ver-

329 2457 518 2541 sionis
547 2462 811 2560 vulgatae
830 2516 851 2542 ‚
897 2457 982 2527 uti
1018 2455 1289 2530 Roberti
1327 2455 1708 2555 Stephani&
1739 2452 2185 2553 Christophori
2205 2458 2477 2529 Plantini
2501 2458 2815 2533 ‘editiones

334 2556 705 2629 ostendunt:
739 2556 885 2629 imo
910 2554 1052 2654 post
1076 2556 1422 2629 versionem
1465 2553 1611 2651 jussu
1636 2554 1791 2625 Sixti
1815 2557 2385 2630 V.³&‘C21ementis
2403 2565 2597 2634 VIII.
2634 2584 2819 2632 reco-

334 2655 581 2755 gnitam
602 2714 621 2740 ,
663 2655 1015 2730 Franciscus
1036 2660 1236 2727 Lucas
1260 2659 1313 2727 B
1378 2728 1387 2735 ,
1433 2653 1589 2726 'enfis
1626 2676 1758 2726 non
1784 2652 2092 2727 dubitavit
2126 2650 2406 2729 libellum
2451 2658 2815 2730 variantium

328 2756 461 2847 ejus
485 2754 833 2827 lectionum
856 2752 1267 2826 conscribere.
1316 2681 1660 2854 {fferre-que
1702 2754 2004 2826 'variantes
2034 2756 2350 2843 ·le6i:iones
2368 2781 2445 2827 ex
2479 2746 2812 2829 oscitanti&

325 2849 660 2946 scribarum
678 2903 698 2935 ‚
723 2860 790 2925 Sc
813 2879 945 2925 non
971 2854 1117 2926 datz‘i
1140 2850 1376 2951 opera'i,
1423 2852 1487 2923 in
1503 2872 1757 2925 textum
1778 2852 2101 2926 'Gra-cum:
2111 2853 2502 2949 irrepserunt,
2528 2882 2662 2954 quar
2677 2854 2814 2928 ¹stu-

322 2951 433 3023 dio
468 2953 1018 3052 Complutensium
1036 2999 1059 3031 ‚
1098 2948 1262 3022 Eras
1254 2950 1340 3019 mi
1360 2996 1381 3029 ‚
1425 2952 1699 3025 Roberti
1741 2950 2079 3049 Stephani,
2122 2956 2306 3022 Bezoe
2340 2998 2361 3031 ‚
2424 2953 2815 3053 aliorumque

328 3049 665 3121 doctorum
691 3043 970 3122 virorum
990 3050 1132 3120 sunt
1156 3048 1448 3118 restituta:
1469 3080 1490 3135 3
1527 3050 1689 3124 adeo
1711 3051 1863 3123 utin
1893 3047 2221 3120 *hodiernis
2239 3048 2636 3124 «editionibus
2676 3053 2812 3153 qui-

338 3146 545 3218 escere
567 3146 882 3244 possimuS.
1266 3212 1275 3222 .
1588 3191 1593 3195 ·
1943 3185 1950 3191 ·
2129 3172 2132 3177 ’
2254 3166 2260 3171 “

432 3249 587 3319 XV.
641 3242 866 3338 Qimb
886 3246 1195 3338 quaritur.
1246 3248 1355 3316 An
1394 3269 1528 3313 non
1548 3244 1819 3316 »cumbet
1861 3241 2657 3320 concedenda-estfacultas
2693 3248 2812 3321 eli-

333 3343 525 3445 gendi
548 3343 890 3413 lefflonem
961 3367 1344 3442 uamcunque
1365 3342 1540 3424 velit,
1557 3339 1685 3435 sive
1707 3346 2118 3444 marginalem
2138 3342 2657 3418 fivetext'ualem?

427 3445 775 3541 Respondeo.
817 3370 1026 3512 Nu‘ilo
1048 3440 1246 3512 modo
1271 3472 1287 3513 ε
1333 3467 1485 3512 nam
1510 3462 1645 3511 tum
1665 3439 1871 3517 sensus
1895 3442 2220 3514 eliceretur
2244 3443 2406 3525 talis,
2430 3447 2674 3545 qualem
2697 3447 2814 3520 ali-

329 3541 467 3642 quis
493 3540 722 3636 judicat
744 3535 863 3609 esse
902 3538 1303 3640 eligendum3
1341 3565 1487 3612 cum
1527 3538 1714 3611 solius
1747 3545 1786 3611 S
1837 3541 2002 3615 iritus
2044 3540 2254 3613 Sanffi
2291 3541 2364 3612 fit
2400 3545 2814 3617 determinare

330 3640 480 3739 quid
502 3638 579 3709 ad
603 3643 661 3709 S.
693 3637 1073 3735 Scripturam
1098 3639 1429 3737 pertineat,
1455 3640 1551 3710 vel
1576 3639 1720 3739 quid
1733 3568 1833 3710 eui)
1838 3664 1980 3711 eam
2000 3664 2132 3710 non
2157 3640 2487 3738 pertineat.
2717 3650 2732 3655 “

428 3742 618 3812 XVI.
671 3741 862 3809 Forte
884 3737 1121 3832 objiciet
1140 3760 1467 3808 nonnemo
1490 3784 1511 3817 ‚
1554 3745 1621 3809 &
1645 3738 1813 3811 dicet
1834 3740 1971 3810 illas
1998 3739 2297 3810 variantes
2335 3740 2640 3813 lefflones
2657 3735 2814 3805 fidei

310 3843 398 3918 ,δι
420 3836 635 3936 pietati
652 3861 788 3909 non
806 3832 1043 3925 obesset,
1060 3859 1215 3939 ergo
1240 3860 1461 3936 parum
1478 3833 1707 3912 referre
1733 3859 1864 3912 utra
1887 3838 2081 3912 lectio
2105 3837 2394 3938 eligatur.
2692 3940 2748 4000 R

2585 3960 2586 3963 ,
2750 3953 2818 4000 e„
