3416 4576
568 286 745 405 ἰη
1082 271 2556 374 DISSERTATIOX

1152 471 1262 558 V.
1374 471 1520 559 De
1555 464 2139 584 Irregularibus
2178 466 2539 594 Literiss

707 638 1002 718 xxvn.
1052 641 1294 711 Praeter
1323 633 1433 709 has
1480 629 1869 707 diversitates
1902 628 2030 725 jam
2059 652 2387 709 annotatas
2421 684 2445 722 ,
2495 634 2686 711 etiam
2712 632 2780 708 in
2814 632 3044 712 Bibliis

609 741 945 817 Hebraicis
969 755 1317 811 annotatur
1343 730 1643 831 quaedam
1672 734 2091 832 irregularitas
2121 735 2284 814 cirea
2317 737 2521 810 literas
2534 746 2725 813 Mem
2754 740 2824 808 δι
2850 746 3044 814 Nun.

611 844 941 938 Qinque
955 841 1145 912 literae
1165 834 1586 934 Caemnephatz.
1617 833 1797 905 aliter
1811 832 2437 923 scribunturinfine,
2487 840 2663 911 aliter
2678 840 2746 911 in
2778 833 3040 924 medio3

610 938 802 1015 sedin
823 940 1043 1012 Bibliis
1061 952 1457 1007 annotantur
1473 933 1746 1005 trialoca
1762 982 1786 1017 ,
1817 934 1886 1007 in
1904 931 2149 1030 quibus
2165 934 2202 1004 a
2218 939 2569 1010 communi
2582 939 2802 1037 regula
2816 960 3046 1035 occur-3

607 1059 696 1117 nt
710 1057 1110 1210 Pezzp‘tffin
1124 1134 1534 1217 literaMem,
1575 1130 1707 1237 Jes.
1726 1140 1865 1219 96.
1883 1153 2037 1226 quae
2055 1131 2119 1203 in
2138 1127 2360 1241 medio
2388 1132 2572 1204 vocis
2599 1136 2846 1211 extensa
2875 1136 3053 1237 repe³

614 1235 819 1319 ritur,
872 1229 1189 1306 &eodem
1206 1229 1417 1305 modo
1437 1280 1457 1316 ,
1476 1232 1576 1302 uti
1593 1237 1663 1305 in
1684 1229 1812 1306 fine
1829 1228 2012 1301 scribi
2030 1230 2188 1300 solet
2205 1280 2228 1315 ,
2260 1255 2330 1303 in
2349 1251 2511 1301 voce
2550 1210 2877 1317 37:505
2908 1237 3057 1309 scri.

617 1334 822 1407 bitur.
874 1333 1058 1405 Hinc
1078 1328 1426 1406 Christiani
1439 1327 1711 1428 quidam
1728 1330 1892 1401 varia
1904 1324 2207 1427 mysteria
2219 1381 2241 1411 ,
2297 1327 2403 1402 sed
2419 1325 2652 1422 absque
2662 1332 2804 1404 ullo
2819 1333 3056 1411 fimda·

618 1450 892 1517 mento,
940 1434 1354 1530 collegerunt.
1460 1426 1673 1519 Aiunt
1688 1430 1857 1500 enim
1885 1423 2276 1525 Prophetam
2303 1423 2439 1501 haec
2466 1430 2584 1499 tria
2630 1432 2932 1505 innuere=
2997 1435 3067 1507 ιζ

617 1536 929 1606 Futuram
944 1533 1114 1630 regni
1131 1526 1379 1612 christi
1409 1526 1848 1601 dilatationem
1878 1577 1900 1606 .
1953 1531 2022 1597 &
2054 1542 2352 1597 aeternam
2383 1523 2790 1599 durationem
2805 1556 2844 1612 .;
2900 1531 3068 1622 quia

623 1633 692 1706 in
709 1628 844 1704 hoc
863 1635 1042 1703 versu
1060 1681 1082 1715 ,
1130 1631 1198 1703 in
1212 1651 1359 1723 quo
1375 1623 1776 1701 dedominio
1791 1624 2033 1722 agitur,
2089 1623 2267 1695 litera
2297 1625 2571 1696 Mmin
2600 1621 2823 1697 medio
2836 1622 3065 1700 dilata-

622 1751 760 1805 tur.
793 1756 860 1804 2.
893 1736 1156 1804 Partum
1170 1730 1407 1802 Mariae
1422 1724 1632 1799 clauso
1650 1721 1796 1796 fore
1810 1742 2000 1796 utero
2030 1770 2054 1805 ,
2105 1729 2174 1795 δε
2192 1719 2535 1796 Christum
2566 1726 2755 1798 etiam
2786 1726 3066 1799 talimo-

625 1829 722 1907 do
757 1825 876 1903 effe
901 1849 1162 1913 natum}
1212 1828 1371 1922 quia
1398 1827 1578 1898 litera
1603 1834 1799 1897 Mem
1825 1819 2021 1894 clausa
2048 1820 2142 1895 est
2174 1824 2242 1894 in
2276 1818 2486 1896 media
2515 1846 2699 1897 voce.
2753 1846 2813 1919 3.
2866 1823 3064 1900 chri-

628 1928 825 2008 stum
842 1930 1135 2002 sexcentis
1168 1927 1337 1999 annis
1373 1924 1412 1995 a
1447 1942 1743 2022 tempore
1768 1921 2054 1995 vaticinii
2065 1916 2183 1994 effe
2216 1921 2670 1997 incarnandum
2705 1972 2732 2007 ‚
2780 1947 3066 2022 eumque

629 2045 968 2193 proptefoe
996 2023 1127 2116 jam
1156 2021 1275 2097 diu
1308 2017 1429 2095 effe
1458 2026 1892 2098 incarnatum:
1942 2022 2322 2097 Memenirn
2340 2021 2524 2098 finale
2552 2021 2819 2099 denotat
2847 2027 2918 2100 in
2935 2048 3058 2120 nug

628 2147 816 2198 mero
874 2144 1158 2197 excenta.

672 2225 681 2230 ’
730 2225 1010 2299 Secunda
1026 2220 1346 2323 exceptio,
1362 2219 1674 2322 superiori
1693 2218 2039 2302 contraria,
2078 2218 2268 2292 etiam
2286 2217 2376 2295 est
2391 2221 2459 2295 in
2473 2221 2652 2295 litera
2660 2227 2889 2309 Mem,
2916 2244 3066 2320 quae

632 2320 826 2397 semel
864 2345 1093 2399 contra
1119 2345 1538 2395 communem
1570 2321 1856 2418 regulam
1886 2337 2095 2415 aperta
2122 2318 2216 2393 est
2248 2322 2312 2393 in
2344 2320 2904 2397 finePronominis
2950 2335 3066 2408 nn

635 2428 912 2501 Nehem.
930 2448 994 2496 2.
1022 2451 1048 2499 ι
1065 2448 1126 2522 3.
1161 2423 1342 2495 Hinc
1354 2418 1622 2516 quidam
1640 2417 1782 2495 duo
1798 2418 2100 2518 mysteria
2126 2421 2411 2495 eliciunt.
2435 2448 2463 2495 1
2476 2474 2494 2495 .
2512 2419 2722 2519 Quod
2739 2443 2948 2521 portae
2965 2446 3073 2498 ur·

638 2523 1329 2629 bisJerosolymorum
1349 2517 1748 2616 quandoque
1780 2516 1859 2592 ad
1891 2518 2170 2593 formam
2196 2521 2394 2594 literae
2420 2532 2613 2595 Mem
2639 2543 2863 2623 apertae
2882 2575 2904 2609 ,
2934 2547 3075 2623 apo-

640 2625 888 2696 rientur
907 2620 1554 2718 &expugnabuntur.
1575 2643 1639 2691 2.
1655 2617 1870 2713 Qod
1889 2622 2010 2691 illae
2024 2639 2231 2718 portae
2257 2619 2486 2693 eodem
2520 2647 2692 2694 anno
2723 2622 3077 2724 quadrage-

642 2720 814 2793 fimo
833 2720 869 2790 a
886 2716 1097 2791 reditu
1160 2716 1507 2791 udaeorum
1524 2719 1562 2790 ὲ
1577 2716 1937 2816 captivitate
1954 2720 2349 2819 Babylonica
2383 2716 2507 2791 fint
2523 2717 2873 2792 restauratae
2890 2728 2961 2794 δι
2976 2748 3084 2796 re-

645 2815 1039 2918 dintegratae.
1142 2820 1233 2890 ale
1246 2821 1417 2892 enim
1433 2828 1623 2893 Mem
1638 2815 1906 2891 denotat
1923 2818 2350 2919 quadraginta.
2383 2813 2506 2891 Sed
2523 2815 2714 2892 taedet
2733 2815 2840 2894 has
2854 2836 3084 2924 nugas,

650 2918 1055 3016 {nugacibus
1068 2916 1452 3014 quibusdam
1485 2915 1734 3035 Judaeis
1764 2920 2077 3004 inventas,
2131 2921 2376 3019 plenius
2406 2914 2514 2990 hic
2529 2943 2827 2994 enarrare.

748 3023 825 3091 T
805 3020 1259 3118 miaexceptio
1275 3014 1442 3091 estin
1458 3021 1631 3092 litera
1648 3023 1816 3091 Nun
1833 3043 1970 3091 non
2005 3017 2220 3104 finali,
2271 3043 2422 3116 quae
2464 3038 2672 3094 tamen
2712 3039 2938 3095 contra
2974 3044 3074 3095 re-

650 3119 832 3213 gulas
845 3118 1170 3191 invenitur
1185 3121 1252 3190 in
1271 3115 1398 3190 fine
1416 3120 1595 3191 vocis
1628 3130 1722 3202 20
1752 3146 1833 3192 ex
1852 3170 1872 3203 ‚
1925 3118 2209 3222 Job.38.
2242 3144 2290 3192 1.
2329 3123 2514 3192 Nota
2547 3123 2907 3222 marginalis
2931 3130 3078 3198 Καὶ

652 3218 723 3289 in
740 3214 1124 3311 quibusdam
1143 3219 1360 3291 Bibliis
1378 3219 1710 3295 Hebraicis
1727 3237 1990 3291 annotat
2019 3217 2134 3292 ess'e
2166 3215 2513 3319 legendum
2541 3233 2627 3339 30
2657 3275 2683 3314 ,
2738 3247 2894 3299 eum
2904 3226 3098 3299 litera·

650 3322 817 3388 Nun
846 3315 1021 3392 finali
1037 3321 1104 3390 in
1121 3316 1273 3391 fine.
2811 3406 2814 3409 ,

749 3420 1080 3492 XXVIII.
1130 3424 1241 3493 De
1277 3416 1376 3492 his
1402 3414 1591 3488 literis
1628 3426 1934 3518 quaen'tur.
1989 3427 2100 3495 An
2135 3424 2392 3496 varietas
2406 3418 2632 3496 harum
2645 3423 2848 3498 trium
2871 3421 3079 3495 litem-³

634 3536 639 3540 ·
655 3536 807 3589 rum
823 3514 917 3588 est
932 3519 1009 3591 ab
1022 3515 1168 3617 ipsis
1186 3513 1591 3596 Anam-‚ibus
1604 3515 1924 3591 librorum
1939 3523 1964 3593 ζ
2029 3606 2040 3615 ο

753 3615 1127 3715 Responde0.-
1162 3643 1215 3693 1.
1252 3626 1413 3696 Hoc
1441 3613 1604 3686 mihi
1635 3618 1749 3690 vix
1782 3617 2041 3692 videtur
2072 3616 2471 3697 verosimile:
2495 3619 2596 3697 sed
2631 3642 2901 3719 nugaces
2927 3615 3078 3715 qui·

651 3708 804 3786 dam
868 3712 1037 3786 udaei
1067 3718 1174 3788 vel
1206 3714 1349 3789 datii
1383 3717 1579 3810 oper&
1607 3714 1719 3790 has
1752 3738 1877 3791 tres
1892 3720 2093 3791 literas
2123 3722 2211 3792 ita
2226 3718 2533 3796 videntur
2546 3714 2812 3794 mutasse
2844 3714 2924 3791 ad
2960 3717 3077 3789 eli-a

654 3814 795 3886 cien
847 3838 880 3884 a
896 3810 1191 3909 quaedam
1207 3814 1504 3912 mysteria
1519 3842 1541 3899 3
1594 3819 1690 3888 vel
1705 3812 1807 3889 hae
1822 3836 1947 3888 tres
1974 3820 2170 3892 literae
2203 3817 2489 3894 fortuito
2505 3824 2576 3894 in
2612 3823 2913 3890 Texturn
2943 3819 3078 3889 He-

650 3910 1220 3987 braeumeomodo
1255 3911 1558 3986 videntur
1586 3910 1921 4011 irrepsilse,
1971 3942 2115 4015 quo
2149 3920 2343 3994 Περι-κ
2369 3917 2726 4017 majusculae
2751 3971 2774 4002 ,
2827 3914 3077 3991 minus..

653 4016 853 4101 culae,
903 4012 1159 4091 inversae
1175 4012 1551 4116 &suspensae
1580 4016 1970 4116 irrepserunt.

2893 4137 2956 4188 2.
3005 4113 3077 4189 Si
