3416 4576
660 313 843 399 ,μ
1164 271 2412 365 masan-tarro
2519 275 2662 362 xr.

694 416 955 490 Eli‘e‘zer
974 414 1040 486 in
1059 408 1389 485 Talmude
1418 405 1651 496 afferst,
1705 408 1894 509 quod
1925 406 2153 482 viderit
2177 407 2475 506 laminam
2497 413 2568 484 in
2597 406 2760 482 urbe
2791 410 3116 508 quadani}

694 514 804 586 cui
831 513 1142 612 inscriptae
1173 533 1346 586 erant
1378 514 1446 584 in
1475 537 1602 585 una
1639 512 1798 584 linea
1843 506 1945 580 hae
1979 531 2174 580 voces
2197 489 2296 578 ”⁴2
2322 501 2443 593 vij
2476 513 2775 583 Sanblitas
2790 520 2930 587 Dei.
3039 517 3115 588 Si

696 611 1151 692 chameieribus
1167 633 1311 685 tum
1329 612 1667 710 temporis,
1719 633 1870 680 cum
1890 605 2112 682 Rabbi
2142 603 2276 680 hoc
2310 608 2664 697 scriberet,·
2694 636 2830 684 non
2864 611 3115 687 usitatis

691 705 1696 811 hasvocesinsculptasinveniss‘et
1713 758 1736 792 ‚
1789 705 2117 804 probabile
2131 702 2385 779 videtur
2406 759 2427 791 ,
2478 708 2669 807 quod
2684 710 2953 786 verbulo
2972 708 3112 787 hoc

689 809 1028 884 indicass'et.
1086 845 1090 854 ·
1131 815 1279 883 Scio
1296 804 1559 903 quidem
1597 825 2055 902 argumentum
2084 807 2452 905 negativum
2484 810 2750 884 firmiter
2784 836 2923 885 non
2949 836 3113 913 pto-

696 910 842 985 bare
853 933 889 995 ,·
924 929 1189 996 attamen
1201 907 1530 1006 probabile
1547 902 1653 976 hic
1670 903 1785 983 est.
3101 902 3113 914 “

787 1011 982 1083 XVI.
1034 1013 1642 1103 Praeterargumenta
1660 1004 2062 1078 inartificialia
2080 1058 2103 1096 ,
2154 1002 2473 1096 jamretro
2486 1004 2697 1091 allata,
2744 1001 3118 1081 danturad·

684 1105 826 1181 huc
860 1108 1170 1185 rationes,
1225 1106 1469 1198 quibus
1500 1104 1841 1198 antiquitas
1870 1106 2190 1176 literarum
2221 1104 2481 1202 probari
2514 1103 2745 1200 potest.
2841 1108 3108 1179 Harum

598 1266 602 1270 .
676 1202 993 1305 primdest
1012 1201 1340 1302 desumpta
1358 1206 1393 1275 a
1414 1221 1636 1273 natura
1656 1209 1722 1273 ἃ
1743 1203 2003 1299 ingenio
2022 1199 2436 1304 Judaeorum.
2478 1200 2701 1301 Judaei
2712 1205 2887 1275 enim
2904 1204 2988 1276 ita
3005 1222 3111 1274 te-

687 1326 869 1376 naces
886 1302 1055 1388 sunt,
1067 1326 1260 1397 quam
1331 1305 1401 1374 ui
1421 1298 1788 1372 tenaciffimi
1816 1324 2085 1386 ,eorum
2103 1300 2368 1384 scilicet,
2417 1322 2568 1392 quae
2598 1299 2780 1371 semel
2796 1298 3112 1373 defende-

685 1422 882 1485 runt,
939 1409 1172 1498 &quae
1188 1329 1596 1474 crediderunt
1609 1396 1685 1471 ad
1700 1401 1970 1496 gloriam
2004 1401 2204 1495 gentis
2233 1398 2358 1469 suae
2388 1398 2607 1469 facere.
2657 1401 2883 1468 Potius
2916 1423 3117 1471 mor-

685 1518 833 1575 tem
846 1503 1135 1585 obirent,
1186 1525 1382 1597 quam
1403 1521 1481 1571 ut
1494 1519 1849 1599 paterentur
1876 1497 2222 1570 minimum
2241 1498 2308 1568 in
2468 1496 2613 1567 evel
2646 1493 3122 1572 traditionibus

691 1604 953 1675 mutari.
1002 1594 1918 1695 Qisverofimiliterjudicare
1930 1598 2167 1696 poterit
2187 1644 2208 1671 ,
2261 1619 2402 1689 quo
2465 1588 2678 1696 Judaei
2690 1589 3116 1692 permisissent

688 1696 1020 1773 fibi-adimi
1033 1724 1148 1773 eos
1163 1696 1538 1773 characteres
1555 1749 1576 1782 ,
1625 1721 1801 1794 quos
1813 1715 1944 1768 tam
1959 1693 2076 1767 diu
2095 1691 2463 1779 habuerant,
2495 1692 2843 1786 quosquea
2861 1695 3106 1767 Deoin

692 1798 965 1874 Tabulis
981 1849 1004 1882 ‚
1054 1807 1123 1872 δι
1143 1801 1180 1871 a
1201 1797 1394 1870 Mose
1414 1799 1481 1868 in
1512 1802 1686 1894 Lege
1714 1795 2107 1892 acceperant3
2160 1799 2462 1865 Praeterea
2490 1814 2625 1863 non
2651 1788 2740 1863 est
2766 1787 3104 1880 credibile,

682 1895 1107 2001 quodJudaei
1120 1890 1577 1997 permisissent,
1622 1893 1844 1964 Esram
1862 1891 2062 1965 sacros
2089 1886 2509 1972 char-abietes,
2557 1908 2823 1989 propter
2836 1893 3103 1965 Samari..

686 2014 909 2078 tanos,
962 2020 1136 2093 quos
1150 1997 1475 2067 vatiniano
1490 1990 1652 2065 odio
1667 1991 2227 2089 persequebantur,
2256 1985 2543 2062 mutasse.
2592 1986 2809 2089 Judaei
2824 1989 3097 2084 quidem

681 2090 930 2187 aliquid
944 2118 1293 2167 commune
1307 2090 1535 2166 habere
1548 2114 1700 2164 cum
1719 2092 2112 2163 Samaritanis
2142 2090 2206 2161 in
2236 2087 2428 2160 rebus
2461 2085 2970 2170 indifferentibus
2993 2115 3098 2164 re-

636 2185 648 2196 ’
682 2193 1018 2278 cusarunt3
1073 2191 1337 2265 sedinde
1353 2217 1493 2264 non
1524 2187 1843 2286 sequitur,
1899 2185 2090 2286 quod
2117 2189 2262 2259 illos
2287 2187 2488 2261 sacros
2518 2186 2895 2263 charaesteres
2919 2189 3100 2287 genti

687 2288 807 2365 fibi
822 2313 953 2366 tam
965 2293 1179 2366 invisae
1196 2293 1566 2389 reliquerint
1585 2338 1607 2374 ‚
1658 2290 2021 2361 &econtra
2034 2282 2338 2389 profanos
2367 2291 2692 2388 elegerint.
2747 2284 2871 2362 Sed
2904 2313 3103 2381 vero-

688 2389 959 2467 fimilius
990 2390 1079 2465 est
1109 2390 1379 2466 Esdram
1414 2392 1615 2463 sacros
1630 2384 2009 2461 charafleres
2031 2439 2055 2473 ,
2106 2388 2174 2458 in
2203 2386 2559 2483 captivitate
2592 2388 2985 2486 Babylonica
3011 2414 3093 2461 ex

682 2512 860 2588 parte
905 2516 1291 2566 communes
1318 2542 1342 2572 ,
1410 2487 1556 2588 post
1618 2487 1891 2559 solutam
1937 2485 2365 2586 captivitatem
2415 2485 2872 2585 Babylonicam
2917 2491 3100 2587 plane

662 2613 1072 2662 ‘communes
1102 2597 1171 2659 &
1200 2594 1485 2683 vulgares
1515 2581 1779 2658 effecisse
1806 2634 1829 2671 ‚
1900 2586 2299 2658 Samaritanas
2342 2587 2726 2659 Samaritanis
2754 2582 3106 2682 reliquisse.

787 2689 1021 2760 XVII.
1074 2685 1299 2783 Objicit
1318 2687 1612 2783 Capellus
1631 2732 1653 2768 ,
1700 2681 1892 2776 quod
1906 2681 2127 2785 Judaei
2163 2699 2311 2755 tum
2341 2682 2642 2781 temporis
2668 2708 2799 2756 non
2811 2682 2974 2755 adeo
2993 2684 3107 2781 suff

685 2780 1029 2885 perstitiofi
1047 2780 1316 2871 fuerint,
1366 2788 1445 2855 ut
1461 2790 1694 2880 Legem
1710 2783 1841 2855 Dei
1855 2781 2299 2856 constituerint
2314 2782 2379 2854 in
2400 2784 2654 2864 cortice,
2669 2782 2737 2852 in
2773 2780 3106 2857 membra·

685 2884 783 2956 nis
801 2879 927 2954 five
942 2882 1007 2952 in
1022 2882 1231 2958 literis.
1331 2880 1586 2956 Deinde
1598 2883 1717 2964 ait,
1772 2881 1958 2976 quod
1976 2887 2111 2955 Lex
2128 2881 2315 2978 aeque
2331 2880 2490 2953 bene
2523 2875 2788 2954 describi
2802 2884 3100 2982 potuerit

684 2978 1144 3056 charaeteribus‘
1165 2982 1496 3056 Hebraicis
1513 2982 1714 3074 quam
1728 2982 2008 3077 antiquis
2035 2982 2443 3055 Samaritanis·
2761 3050 2768 3055 ,
2827 3042 2838 3051 .
3090 2974 3099 2982 ’

690 3078 694 3082 Α
781 3080 1125 3177 Respondeo.
1188 3108 1243 3153 1.
1285 3077 1507 3182 Judaei
1522 3077 1982 3178 superstitionis
2000 3077 2343 3153 insimulari
2362 3078 2484 3152 hic
2519 3081 2583 3153 in
2601 3099 2768 3181 parte
2795 3106 2935 3172 non
2969 3084 3099 3184 po:

685 3200 987 3261 tuerunt,
1021 3178 1211 3272 quod
1227 3179 1604 3253 charaReres
1634 3181 1867 3263 sacroS,
1918 3177 2034 3250 fibi
2054 3179 2088 3247 a
2121 3182 2316 3262 Deo,
2369 3180 2625 3254 summo
2655 3181 3092 3280 legissatore&

560 3356 575 3373 x
690 3277 885 3350 Mose
900 3275 1221 3376 Propheta
1237 3278 1507 3354 traditos
1525 3328 1548 3362 ,
1579 3275 1846 3355 retinere
1875 3278 2245 3361 maluerint,
2297 3281 2499 3376 quarn
2529 3281 2781 3357 eoffiem
2809 3278 3098 3358 homini·-

685 3370 1263 3452 businimicissimis
1287 3383 1665 3474 relinquere.
3088 3366 3097 3377 ⁰

790 3499 853 3546 2.
902 3479 1084 3549 Licet
1111 3502 1245 3551 non
1289 3483 1570 3580 putarint
1616 3475 2106 3552 fundamentum
2143 3480 2470 3577 religionis
2506 3481 2573 3554 in
2609 3505 2701 3555 eo·
2725 3474 2839 3555 else
2869 3479 3100 3565 fitum3

685 3591 1045 3647 tamennon
1059 3573 1317 3651 videtur
1338 3575 1726 3662 verosimile,
1773 3602 1884 3650 eos
1896 3579 2126 3675 absque
2145 3579 2272 3651 ulla
2296 3600 2556 3678 urgente
2588 3579 2940 3657 neceffitate
2971 3605 3095 3674 vo-‚

676 3668 864 3746 luisse
876 3670 996 3745 hos
1013 3692 1247 3750 veteres
1260 3675 1631 3752 characteres
1663 3696 1930 3761 mutare.

785 3797 851 3867 3.
896 3778 1202 3847 Praetcrea
1246 3826 1268 3860 ,
1332 3775 1487 3851 dato
1553 3801 1693 3850 non
1756 3770 2053 3849 concesso
2091 3830 2114 3865 ‚
2181 3781 2422 3877 Legem
2486 3781 2676 3877 aeque
2741 3776 3096 3855 commode

683 3868 1141 3945 charaeteribus
1208 3877 1537 3950 Hebraicis
1601 3900 1799 3971 quam
1856 3878 2245 3950 Samaritanis
2290 3875 2563 3976 potuisse
2623 3875 2885 3953 describi
2919 3930 2943 3965 ,
2994 3883 3097 3952 in-

678 3968 767 4071 gie
797 3989 1008 4075 tamen
1055 3997 1195 4080 non
1210 3974 1499 4083 sequitur
1512 4006 1553 4064 ‚’
1585 3971 1778 4076 quod
1809 3976 1882 4050 in
1921 3975 2186 4074 arbitrio
2233 3975 2455 4054 Esdrae
2483 3975 2682 4083 fuerit
2711 3979 2912 4058 literas
2939 3976 3108 4050 anti-

2937 4099 3104 4175 ‘lm-{²
