3416 4576
752 299 907 390 De
952 291 1315 381 Genuina*
1352 290 1832 380 Pandoram
1863 295 2348 412 antIqm'tate
2622 316 2756 396 161

407 448 603 522 Hanc
641 442 1101 522 difficultatem
1148 435 1392 540 legendi
1439 437 1737 512 Textum
1783 445 2140 519 Hebraeum
2187 472 2325 522 non
2359 452 2737 547 punctatum

309 546 717 647 ‘augetprimb
738 547 1040 619 Absentia
1053 542 1247 616 trium
1282 542 1638 622 literarum,
1690 542 1818 614 scil.
1849 544 2066 644 Aleph
2104 550 2250 621 Vau
2269 546 2490 650 &Jod
2518 602 2539 636 ,
2588 578 2738 647 quae

307 668 640 724 vocantur
655 666 890 719 matres
904 646 1209 717 lectionis.
1307 643 1436 711 Hae
1464 641 1697 723 literae,
1748 666 1901 736 quae
1919 647 2270 721 multarum
2300 652 2625 722 vocalium
2643 654 2743 723 in-

307 748 696 833 diciasunt,
725 750 796 822 in
810 749 1035 819 Textu
1057 744 1299 816 Biblico
1310 742 1695 838 plerumque
1726 740 1874 813 sunt
1909 741 2191 818 omiffae:
2246 773 2316 819 ea
2349 769 2617 849 propter
2652 753 2738 822 le-

308 852 459 925 ἂίο
479 848 742 922 Biblica
761 871 897 919 non
913 845 1202 943 puncftata
1218 860 1349 912 tam
1367 834 1644 911 difficilis
1655 836 1748 910 est
1765 841 1950 914 lestu.
2005 850 2083 916 In
2116 848 2376 944 Scriptis
2391 850 2746 923 Rabbino..

306 974 467 1025 rum
486 967 717 1022 textus
729 946 1072 1019 Hebraicus
1088 966 1224 1013 non
1245 941 1585 1040 punstatus
1597 944 2025 1038 proponitur,
2078 941 2180 1015 sed
2217 947 2387 1018 lthu
2402 946 2702 1023 facilisest
2713 979 2736 1037 3

311 1051 484 1144 quia
497 1045 603 1119 hae
618 1065 737 1119 tres
750 1041 1294 1119 matresleffionis‚
1352 1062 1506 1132 quae
1538 1035 1808 1110 absentes
1841 1042 2089 1117 vocales
2117 1041 2425 1130 indicant,
2476 1054 2545 1118 δε
2572 1071 2737 1143 qua..

313 1170 478 1219 rum
524 1147 780 1219 absentia
827 1146 971 1216 aliis
1010 1142 1356 1214 lectionem
1402 1138 1471 1207 in
1521 1137 1743 1207 multis
1789 1141 2068 1212 maxime
2115 1140 2379 1215 dubiam
2412 1143 2736 1233 redderet,

308 1246 467 1319 sunt
483 1243 818 1343 adscriptae.
919 1239 1043 1313 Ast
1057 1244 1317 1310 Textu‘s
1334 1235 1621 1308 Biblicus
1637 1258 1774 1305 non
1790 1241 2132 1333 punGtatus
2146 1240 2233 1315 est
2252 1240 2743 1321 leaudifficini-

309 1369 465 1418 mus
483 1364 751 1445 propter
781 1342 1227 1415 creberrimam
1265 1334 1609 1408 absentiam
1636 1337 1883 1407 illarum
1913 1340 2114 1410 trium
2143 1341 2501 1431 literanum
2556 1347 2743 1422 etiam

322 1443 608 1526 inlocis,
630 1442 957 1536 inquibus
972 1442 1250 1536 maxime
1266 1438 1412 1514 sunt
1426 1427 1798 1532 neccss'ariaej.k
1843 1435 1951 1507 Ex
1982 1436 2248 1512 absentia
2279 1440 2507 1517 harum
2541 1449 2744 1522 trium

304 1544 632 1618 literarum
667 1546 737 1615 in
750 1544 983 1613 Textu
1014 1540 1272 1611 Biblico
1303 1531 1560 1607 videtur
1586 1531 1845 1629 probari
1863 1530 2073 1633 posse,
2106 1538 2295 1635 quod
2310 1545 2566 1618 Textus
2599 1547 2741 1620 He-

311 1640 535 1715 braeus
567 1646 638 1713 in
670 1636 991 1740 principio
1018 1639 1121 1710 ‘ab
1149 1631 1297 1736 ipsis
1330 1630 1737 1707 Auctoribus
1782 1635 2038 1729 punstis
2081 1641 2401 1712 vocalium
2432 1649 2501 1713 &
2531 1639 2742 1717 accen·

317 1756 526 1811 tuum
543 1739 738 1812 fuerit
759 1756 1039 1812 notatus.
1137 1735 1256 1809 Est
1288 1736 1455 1807 enim
1471 1752 1688 1807 contra
1699 1756 1955 1806 morem
1972 1736 2579 1816 &consuetudinem
2599 1769 2753 1816 om·

318 1839 511 1910 nium
529 1837 990 1915 Rabbinorum
1008 1888 1030 1921 ,
1078 1855 1203 1909 tam
1236 1838 1666 1932 antiquorum
1696 1856 1896 1925 quam
1925 1831 2434 1924 hodiernorum,
2486 1844 2744 1921 scribere

318 1938 618 2011 Textum
650 1940 1004 2012 'Hebraeum
1036 1962 1170 2009 non
1199 1937 1590 2031 punfflitum
1623 1931 1857 2029 absque
1888 1938 2092 2012 tribus
2119 1939 2237 2011 illis
2268 1941 2499 2012 literis:
2554 1942 2738 2038 sedin

310 2039 632 2111 omnibus
654 2041 896 2137 scriptis
908 2036 1370 2113 Rabbinorum
1389 2057 1526 2105 non
1556 2034 1877 2133 punstatis
1900 2059 1978 2108 ex
2024 2032 2189 2111 reffae
2214 2040 2366 2112 sunt
2396 2037 2498 2114 hae
2513 2062 2635 2117 tres
2664 2047 2744 2120 li·

305 2152 458 2208 oerae
474 2189 495 2216 ,
532 2137 825 2213 ubiadeo'
843 2130 1181 2211 necessariae
1196 2159 1332 2209 non
1352 2128 1583 2230 essent,
1605 2155 1804 2227 quam
1830 2139 1950 2230 qui
1999 2141 2185 2210 emin
2205 2143 2434 2212 Textu
2455 2137 2735 2219 Biblico.

306 2236 497 2306 Nam
515 2235 714 2338 stylus
736 2239 1029 2312 Biblicus
1058 2239 1243 2335 praeci
1295 2261 1376 2311 ue
1392 2237 1459 2308 in
1477 2229 1818 2331 Prophetis
1834 2232 2224 2312 estconcisus
2242 2291 2263 2324 ‚
2312 2240 2742 2329 abbreviatuS.

308 2338 388 2404 &
421 2338 602 2408 variis
632 2337 892 2437 figuris,
943 2357 1021 2408 ut
1036 2339 1142 2406 Ell
1195 2363 1237 2435 p
1266 2364 1327 2411 ι,
1370 2331 2516 2433 Plconasmo&Enallageabundans;
2554 2346 2739 2415 etiam
2772 2378 2776 2381 v

310 2430 719 2519 suntvoces,
766 2460 1118 2532 quaequoa
1180 2434 1484 2507 consonas
1514 2434 1689 2509 aliter
1726 2434 1850 2531 legi
1866 2430 2202 2518 deberent,
2252 2432 2355 2511 sed
2369 2433 2600 2509 additis
2620 2464 2747 2511 vo-

310 2533 565 2602 calibus
575 2538 757 2629 plane
773 2537 899 2608 alio
914 2531 1127 2623 modo
1149 2535 1469 2632 leguntur.
2033 2596 2042 2599 -

421 2632 715 2707 Secundi.
767 2632 903 2730 Ipsa
934 2634 1188 2707 materia
1215 2634 1401 2705 etiam
1431 2656 1617 2736 auget
1663 2628 2108 2715 difficultatem
2153 2633 2408 2739 legendi
2441 2639 2738 2712 Textum

314 2734 879 2829 nonpunstatum
969 2738 1214 2830 Scripta
1251 2732 1721 2811 Rabbinorum
1754 2789 1776 2825 ,
1827 2736 2251 2836 preterquam
2295 2735 2738 2836 quod'conti·

306 2847 501 2902 noent
518 2847 641 2903 tres
654 2834 782 2904 illas
798 2852 1023 2904 matres
1054 2833 1383 2916 leffionis,
1436 2856 1639 2933 agunt
1679 2841 1776 2910 vel
1790 2836 1873 2910 de
1905 2840 2093 2915 rebus
2126 2838 2479 2920 historicis,
2527 2839 2631 2909 vel
2660 2836 2740 2911 de

303 2928 547 2999 talibus
578 2956 728 3029 quae
761 2951 1041 3030 tangunt
1073 2933 1575 3007 Grammaticam
1613 2932 1741 3008 five
1783 2934 2346 3010 construstionem'
2373 2938 2472 3009 vel
2503 2935 2744 3006 verbo-

304 3032 973 3127 rumexplicationem
994 3080 1017 3113 ,
1070 3027 1206 3101 five
1225 3027 1513 3107 derebus
1542 3035 1671 3106 aliis
1707 3063 1727 3107 ε
1782 3034 1888 3108 sed
1925 3038 2162 3133 Scripta
2175 3037 2363 3119 sacra,
2420 3037 2739 3134 praecipue

304 3124 710 3224 prophetica,
747 3130 1489 3218 traRantressublimes,
1533 3131 2241 3227 abstrusas-,nobisque
2290 3137 2452 3230 saepo
2467 3136 2741 3230 ignotas·

412 3229 526 3294 Ex
541 3222 646 3296 his
661 3226 943 3320 sequitur
981 3254 1000 3299 t
1058 3225 1108 3300 fi
1140 3232 1391 3301 vocales
1419 3229 1690 3305 demum
1726 3227 1987 3305 fuiffent
2021 3231 2250 3306 additae
2286 3233 2321 3303 ὲ
2357 3232 2744 3307 Masorethis

296 3321 870 3419 ⁴Tyberiensibus:
1031 3351 1076 3397 o
1111 3329 1307 3400 lefflo
1347 3333 1605 3403 Textus
1640 3330 1790 3400 sacri
1821 3356 1955 3403 non
1991 3334 2279 3430 punfimti
2308 3333 2471 3405 olim
2505 3356 2613 3431 per
2643 3336 2743 3406 vi-

293 3420 938 3521 ginti'saeculafuitdi
1011 3427 1276 3512 cilli'ma,
1330 3431 1474 3501 imo
1492 3425 1912 3521 indoctisfere
1928 3427 2347 3528 impoffibilis.

237 3590 246 3599 ,
404 3517 615 3612 Quid
632 3518 787 3594 dico
803 3514 883 3593 de
897 3527 1292 3623 temporibus
1311 3530 1628 3624 antiquis,
1676 3526 1889 3603 adhuc
1905 3529 2104 3604 hodie
2121 3533 2315 3604 leffio
2340 3532 2580 3614 Biblica
2600 3559 2740 3609 non

292 3622 615 3720 punfflta
629 3618 873 3695 estnon
893 3626 1475 3710 tantumindostis,
1529 3624 1628 3701 sed
1655 3632 1844 3701 etiam
1882 3628 2387 3725 quodammodo
2419 3630 2741 3708 doffisle-

302 3723 419 3794 ἂιι
453 3717 746 3794 difficilis
778 3749 801 3805 3
855 3722 1090 3797 etiamfi
1110 3751 1252 3799 vera
1282 3727 1479 3800 leffio
1514 3724 1643 3817 jam
1674 3753 1809 3800 non
1844 3749 2097 3805 tantum
2131 3729 2360 3805 auditu
2393 3783 2414 3815 ‚
2466 3754 2544 3807 ut
2579 3736 2743 3806 olim

299 3836 607 3917 tempore
623 3817 1101 3920 Prophetarum
1135 3831 1203 3896 δε
1233 3823 1384 3923 post
1412 3824 1767 3909 eorundem
1806 3833 2122 3905 excessum
2154 3830 2294 3904 fieri
2315 3833 2581 3920 solebat,
2632 3829 2740 3903 sed

286 3921 503 3997 ,etiam
520 3924 797 4020 proprio
816 3923 959 3995 visu
980 3921 1359 3995 addiscatur.
1435 3929 1581 4028 Jam
1600 3930 1771 4013 enim
1788 3933 2097 4025 quilibet,
2144 3933 2745 4028 quitantumlegere

288 4014 578 4115 didicit,
630 4020 846 4121 ipsum
863 4025 1161 4098 Textum
1174 4027 1564 4122 punctatum
1596 4024 1732 4099 adit
1751 4079 1774 4112 ,
1823 4056 2103 4131 eumque
2118 4027 2741 4202 cumpunffiskgffi
